2953 3811
1397 212 1455 257 ll

371 345 436 392 καὶ
470 344 669 402 ιῖγροποιδν
700 344 865 399 ἔχουσαν
896 346 961 389 sic
996 359 1113 388 nunc
1152 339 1259 401 ἥλιον
1290 338 1453 398 ἄκρατον
1482 347 1558 398 πῦρ
1596 343 1867 400 κεκληρωκότα
1899 341 2068 388 &csta-ew
2100 346 2330 401 scripsisse
2364 345 2481 388 affir-

370 432 474 468 mat.
536 423 741 467 Potuisse
772 423 835 465 ita
866 421 998 465 scribi
1031 422 1128 479 quis
1159 428 1307 479 negat,
1347 428 1392 464 et
1422 421 1508 463 hoc
1541 436 1716 476 quoque
1750 421 1842 463 viro
1875 427 2005 463 acuto
2038 420 2368 464 concedendum
2398 430 2480 475 est,

370 503 408 545 si
440 499 546 558 quid
578 499 892 543 emendationis
923 499 1000 541 illa
1030 499 1165 542 verba
1195 498 1427 554 recipiant,
1467 497 1690 540 meliorem
1730 512 1820 540 non
1863 513 1994 553 posse
2035 497 2241 551 inveniri,
2273 499 2479 555 Wytten-

369 576 517 622 bachii
549 582 707 620 autem·
728 582 974 619 commenta
1003 575 1146 618 futilia
1177 590 1274 618 esse
1307 580 1351 617 et
1382 575 1642 616 reiectanea.
1692 572 1782 617 Sed
1805 574 2100 616 concinnitate
2132 590 2186 617 ne
2209 575 2283 617 illa
2304 575 2479 630 quidem

369 654 508 698 oratio
540 659 683 706 caret,
722 653 792 695 cui
823 653 967 708 ipsum
999 651 1322 707 aequabilitatis
1356 650 1549 693 studium
1590 650 1704 693 hanc
1734 651 1918 692 formam
1960 651 2121 703 induit,
2165 658 2209 693 et
2242 651 2360 706 quod
2393 652 2478 694 hoc

369 745 522 789 pamm
555 728 740 786 simplex
773 744 869 772 esse
901 726 1074 771 dicendi
1109 720 1248 785 genus
1281 727 1363 781 ait,
1403 722 1604 770 veremur
1634 743 1688 770 ne
1720 733 1920 771 nostrum
1960 743 2125 770 morem
2167 728 2305 784 magis
2348 743 2476 784 quam

372 806 643 852 Graecorum
676 805 1037 850 consuetudinem
1069 805 1323 861 respexerit.
1390 802 1511 858 Quid
1542 803 1705 847 multa?
1761 803 1892 848 Ratio
1925 811 2046 847 vetat
2079 820 2190 860 quae
2221 806 2345 861 paria
2377 813 2478 848 sunt

369 884 534 940 dispari
566 883 708 926 metiri
739 881 935 925 modulo:
970 897 1103 938 quare
1135 896 1217 924 nos
1249 879 1425 936 quidem
1458 879 1576 923 hunc
1597 880 1791 923 dativum
1815 876 1903 935 πυρὶ
1935 888 2025 923 tam
2059 883 2166 924 certi
2198 897 2326 936 quam
2360 882 2476 938 apud

369 959 689 1017 Antiphontem
720 953 823 1014 χειρὶ
857 966 933 1001 aut
963 957 1114 1014 σώματι
1145 958 1189 999 in
1222 956 1462 1000 Phaedone
1493 963 1696 999 tutamur.

572 1034 645 1077 Ad
684 1035 919 1078 Philebum
964 1033 1080 1077 unde
1127 1035 1270 1077 exorsi
1313 1049 1462 1077 sumus
1507 1033 1684 1076 tandem
1725 1034 1916 1077 redimus
1959 1035 2179 1090 finemque
2222 1034 2475 1090 disputandi

368 1113 578 1157 faciemus
618 1113 661 1155 in
696 1111 993 1167 expendendis
1025 1111 1197 1155 duobus
1219 1112 1329 1170 Neius
1363 1109 1526 1167 dialogi
1563 1110 1672 1153 locis
1706 1128 1891 1166 quorum
1936 1119 2025 1154 tam
2058 1113 2289 1154 manifesta
2320 1113 2474 1167 depra-

367 1190 486 1232 vatio
527 1205 657 1245 qnam
699 1194 819 1232 certa
861 1204 956 1231 esse
997 1187 1243 1231 emendatio
1277 1186 1460 1229 videtur.
1525 1186 1639 1229 Nam
1673 1204 1714 1243 p.
1739 1188 1824 1230 6002
1864 1203 1951 1230 non
1992 1189 2079 1241 λέγε
2122 1189 2240 1243 quod
2272 1189 2475 1245 vulgatur

365 1281 509 1322 neque
531 1281 634 1308 vero
669 1265 787 1321 quod
819 1272 885 1308 est
917 1266 961 1307 in
987 1264 1230 1308 Oxoniensi
1263 1263 1414 1306 codice
1446 1263 1545 1317 λέγω
1577 1263 1655 1306 sed
1688 1265 1828 1317 λεγέτω
1860 1266 2088 1320 scripsisse
2116 1266 2345 1307 Platonem
2379 1267 2473 1321 ipsa

367 1357 478 1400 quae
519 1348 641 1385 tenet
683 1341 1015 1398 comprehensio
1063 1341 1210 1398 paullo
1258 1340 1469 1397 prolixior
1510 1341 1717 1383 intentius
1766 1348 2098 1398 persequentem
2149 1341 2318 1384 edocet.
2391 1343 2474 1385 Est

365 1425 509 1464 autem
542 1419 670 1462 haec:

484 1496 536 1539 Εἰ
564 1496 607 1538 δέ
643 1514 684 1551 γε
716 1495 1015 1551 παρηνέχθημέν
1047 1513 1082 1537 τι
1122 1496 1228 1545 τότε,
1272 1498 1327 1537 νῦν
1359 1492 1531 1536 ὁστισοῦν
1564 1494 1808 1546 ἔπαναλαβών
1842 1493 2047 1549 ἐρθότερον
2086 1492 2285 1545 einai-tw,
2325 1495 2473 1551 μνήμην

481 1570 544 1615 καὶ
577 1570 755 1628 φρόνησιν
787 1567 850 1614 καὶ
884 1571 1095 1628 ἐπιστήμην
1127 1569 1190 1615 καὶ
1223 1570 1362 1627 α’ληθῆ
1393 1570 1510 1626 δόξαν
1542 1575 1607 1626 τῆς
1639 1571 1750 1626 αὐτῆς
1790 1573 1888 1623 ἰδέας
1927 1573 2121 1626 τιθέμενος
2161 1570 2223 1614 καὶ
2257 1577 2408 1614 σκοπῶν
2442 1571 2480 1614 εἴ

481 1666 535 1700 τις
567 1646 653 1691 ἄνευ
684 1645 824 1692 τούτων
857 1647 1005 1703 δέξαιτ’
1025 1642 1067 1692 ἂν
1101 1649 1133 1692 οἱ
1165 1643 1229 1690 καὶ
1264 1645 1383 1691 ὁτιοῦν
1405 1646 1495 1690 εἶναι
1527 1642 1553 1702 ἢ
1583 1645 1790 1702 γίγνεσθαι,
1821 1646 1875 1704 μή
1908 1642 1965 1691 Γὄτι
1997 1648 2048 1704 δή
2079 1667 2119 1703 γε
2152 1647 2286 1704 ’ἡδονήν
2318 1647 2405 1693 εἴθ’
2425 1647 2470 1700 αἷς

481 1725 667 1780 πλείστην
708 1723 792 1769 εἴθ’
823 1722 868 1776 αἷς
915 1724 1203 1780 σῲοδροτίτην,
1250 1724 1284 1766 εἰ
1327 1720 1429 1780 μήτε
1467 1722 1626 1780 οἷληὲὤς
1665 1722 1821 1778 δοξοίζοι
1859 1722 2006 1778 χαίρειν
2052 1724 2149 1780 μήτε
2198 1727 2239 1767 το
2289 1724 2471 1778 παράπαν

479 1800 681 1858 γιγνώσκοι
712 1800 754 1844 τί
779 1818 872 1843 ποτε
904 1801 1071 1846 πέπονθε
1104 1797 1231 1853 mss-05
1263 1798 1363 1857 μη’τ’
1382 1794 1430 1843 αῧ
1460 1799 1608 1856 μνήμην
1630 1804 1695 1844 τοῦ
1717 1799 1868 1852 ποίέῑους
1899 1799 1998 1857 μήδ’
2020 1800 2175 1846 ὁντινοῦν
2206 1801 2343 1855 χρόνον
2366 1800 2469 1855 ἔχοι·

484 1877 605 1921 ταύτά
642 1877 683 1921 δὲ
716 1895 876 1920 mrem
912 1873 975 1921 καὶ
1017 1875 1100 1933 περὶ
1138 1876 1353 1933 φρονήσεως
1396 1876 1435 1921 εἴ
1467 1895 1521 1929 τις
1562 1873 1644 1921 ἄνευ
1685 1876 1812 1934 πα’σης
1848 1877 1981 1933 η’δονῆς
2020 1876 2082 1921 καὶ
2120 1882 2186 1935 τῆς
2217 1880 2472 1935 βραχυτάτης

485 1956 630 2011 δέξαιτ’
655 1950 697 1998 οἲν
728 1953 910 2010 φρὸνησιν
943 1953 1041 2009 ἔχειν
1062 1958 1210 2011 μᾶλλον
1243 1949 1269 2010 ἢ
1299 1952 1400 2011 μετοῖ
1429 1972 1531 1997 τινων
1553 1952 1692 2011 ἡδονῶν
1725 1949 1749 2010 ἢ
1781 1953 1906 2006 παίσας
1938 1952 2071 2010 ἡδονάς
2103 1951 2222 2009 χωρὶς
2255 1956 2470 2012 φρονήσεως

482 2036 630 2089 μᾶλλον
662 2027 690 2087 ἧ
718 2029 816 2087 μετοί
848 2030 1065 2086 φρονήσεως
1098 2025 1145 2073 ai]
1175 2028 1284 2083 τινός.

365 2110 425 2153 Et
456 2110 499 2152 in
532 2110 792 2167 gravissima
823 2108 877 2151 de
911 2108 1083 2151 ridiculi
1114 2115 1271 2151 natura
1304 2108 1602 2165 disputatione
1636 2111 1698 2165 (p.
1723 2111 1778 2151 49
1790 2110 1832 2164 b)

483 2184 618 2243 Ταύτῃ
652 2184 768 2227 τοίνυν
802 2185 905 2228 διέλε
937 2183 1000 2227 καὶ
1033 2180 1114 2228 ἶσοι
1144 2185 1208 2241 μὲν
1240 2186 1363 2227 αὐτῶν
1395 2183 1467 2227 εἶσὶ
1498 2184 1585 2242 μετ’
1605 2185 1800 2236 α’σὲὲενειάς
1844 2188 2000 2228 τοιοῦτοι
2039 2183 2102 2227 καὶ
2140 2182 2319 2228 α’δῦνατοι
2351 2203 2469 2228 κατα-

482 2263 686 2319 γελώμενοι
718 2265 982 2319 τιμωρεῖσθαι,
1014 2262 1182 2317 γελοίους
1215 2259 1368 2314 τούτους
1399 2260 1560 2316 φα’σκων
1583 2261 1670 2306 εἶναι
1704 2261 1860 2319 τάληθῆ
1890 2263 2071 2318 φθέγξει·
2104 2261 2186 2315 τούς
2220 2262 2260 2305 δὲ
2294 2262 2469 2314 &maa-003

482 2342 732 2396 τιμωρεῖσθαι
765 2337 946 2393 φοβεροῦς
983 2334 1046 2381 καὶ
1085 2337 1263 2393 ἰσχυρούς
1301 2336 1363 2381 καὶ
1402 2336 1569 2395 ἐχθρούς
1607 2336 1892 2395 προσαγορεύων
1924 2338 2133 2393 ὀρθότατον
2166 2337 2309 2382 τούτων
2340 2343 2470 2397 σαυτῷ

483 2416 596 2472 λόγον
628 2414 853 2467 ἀποδώσεις.
909 2410 1036 2471 οἷγνοια
1065 2414 1137 2471 γάρ
1170 2414 1196 2471 η“
1225 2416 1289 2472 μὲν
1311 2422 1392 2459 ’τῶν
1424 2417 1590 2471 ἰσχυρῶν
1622 2416 1760 2470 ἐχθροί
1788 2435 1826 2458 τε
1865 2415 1926 2458 καὶ
1959 2415 2122 2470 αἰσχροί.
2183 2414 2359 2471 βλαβεροῖ
2395 2415 2467 2472 γοῖρ

481 2489 546 2536 καὶ
584 2496 660 2544 τοῖς
698 2493 817 2544 πέλας
855 2491 957 2548 αὕτη
994 2511 1034 2535 τε
1074 2487 1139 2535 καὶ
1172 2489 1260 2536 ὅσαι
1292 2491 1425 2545 εἰκόνες
1464 2493 1578 2551 αὐτῆς
1609 2493 1709 2536 εἰσίν.
1771 2491 1797 2549 ἦ
1826 2492 1866 2535 δ’
1887 2491 2048 2549 ἀσθενὴς
2088 2492 2173 2549 ἡμῖν
2205 2494 2271 2549 τήν
2304 2498 2376 2536 τῶν
2408 2512 2468 2549 γε-

483 2569 594 2615 λοίων
625 2568 767 2625 εἴληχε
799 2567 906 2623 τάξιν
937 2588 977 2612 τε
1009 2567 1072 2613 καὶ
1103 2570 1230 2623 φύσιν,

362 2648 472 2692 haec
512 2664 624 2705 quae
655 2648 788 2706 vulgo
828 2648 1035 2705 leguntur
1066 2649 1219 2691 vitium
1256 2649 1444 2692 traxisse
1483 2649 1613 2692 fidem
1653 2650 1756 2692 facit
1789 2649 2083 2692 memorabilis
2116 2656 2168 2691 et
2209 2649 2273 2691 rei
2310 2665 2464 2706 parum

361 2732 657 2768 consentanea
697 2726 831 2768 series
864 2725 1180 2768 vocabulorum
1221 2724 1404 2780 φοβεροῦς
1442 2723 1505 2768 καὶ
1545 2723 1722 2779 ἰσχυρούς
1758 2723 1820 2768 καὶ
1854 2725 2040 2779 ἐχθρούςς
2087 2741 2229 2782 neque
2268 2726 2313 2768 id
2354 2728 2466 2783 fugit

360 2803 642 2858 interpretes,
684 2802 762 2845 sed
800 2803 844 2844 in
883 2802 1144 2860 corrigendo
1191 2802 1460 2845 aberrarunt.
1523 2803 1638 2845 Nam
1679 2817 1759 2845 nec
1796 2802 1929 2844 verba
1969 2800 2032 2844 καὶ
2074 2802 2262 2857 ἐχθρούς,
2304 2805 2467 2846 omissa

359 2879 436 2921 illa
468 2878 644 2935 quidem
677 2880 720 2920 in
752 2880 901 2936 paucis
934 2879 1055 2922 libris
1088 2878 1378 2923 deterioribus
1412 2880 1488 2923 sed
1520 2895 1636 2923 mero
1662 2894 1803 2922 errore
1835 2880 2011 2932 omissa,
2044 2880 2230 2923 abiicere
2263 2880 2382 2934 licet,
2415 2888 2463 2922 ut

360 2955 518 3010 quibus
558 2956 757 3013 proxima
795 2957 1014 2998 sententia
1052 2950 1179 3011 ἄγνοια
1219 2954 1291 3011 γάρ
1426 2955 1560 3011 ἐχθροί
1597 2974 1636 2998 τε
1667 2953 1730 2997 καὶ
1763 2953 1911 3009 αἰσχρά
1949 2956 2275 3012 patrocinetur,
2320 2972 2462 3013 neque

358 3027 546 3085 αἰσχρούς
577 3047 657 3089 pro
691 3029 875 3086 ἰσχυρούς
907 3038 1007 3089 apte
1040 3048 1091 3076 eo
1125 3032 1299 3089 quidem
1331 3034 1430 3077 loco
1462 3039 1715 3092 reponetur,
1755 3047 1895 3090 neque
1929 3032 2118 3091 denique
2151 3030 2213 3076 καὶ
2247 3034 2464 3091 particula

357 3107 501 3150 deleta
532 3107 716 3163 φοβερούς
746 3108 809 3152 καὶ
841 3107 1019 3164 ἰσχυρούς
1051 3110 1222 3165 ἐχθρούς
1254 3112 1417 3154 efficies
1448 3111 1732 3168 probabiliter
1761 3124 1857 3152 cum
1880 3110 2122 3154 Badhamo.
2171 3111 2312 3154 Immo
2344 3111 2463 3154 nulla

354 3183 501 3226 littera
532 3193 608 3227 aut
639 3186 815 3244 dempta
847 3195 922 3229 aut
953 3193 1119 3230 mutata
1150 3188 1228 3232 sed
1259 3189 1433 3232 inverso
1466 3188 1693 3232 verborum
1727 3186 1878 3230 ordine
1910 3187 2057 3245 prodit
2089 3203 2264 3243 verum,
2307 3185 2389 3240 τούς
2422 3186 2463 3230 δὲ

2125 3266 2190 3315 2.
