2953 3811
1627 246 1657 293 8

581 396 681 423 nem
721 379 870 422 induci
902 386 951 422 ut
984 379 1038 421 ab
1071 375 1317 435 ἀντεχόμενον
1350 385 1500 436 aptum
1535 380 1594 423 sit
1625 378 1776 434 σοφίας.
1838 381 1901 423 Et
1937 385 2113 437 poterat
2143 379 2284 433 idem,
2324 381 2361 424 si
2394 385 2566 423 tantum
2599 395 2706 423 con-

582 457 770 499 stantiae
801 456 993 498 tribuere
1026 455 1181 508 vellet,
1223 455 1367 511 ipsum
1400 471 1486 511 quo
1528 455 1611 499 hae
1646 457 1805 500 turbae
1846 457 2093 499 excitantur
2128 456 2412 513 ⁴participium
2454 454 2706 512 ἀντεχόμενον

581 547 670 575 non
704 533 869 574 minore
903 537 1020 575 certe
1053 532 1146 573 iure
1180 546 1310 587 quam
1343 531 1419 574 illo
1443 531 1580 575 altero
1603 532 1702 576 loco
1725 532 1885 590 πέμπων
1905 531 2034 576 obelo
2062 538 2228 576 notare,
2279 532 2377 576 Nos
2399 547 2505 575 vero
2537 531 2702 575 nodum

582 610 627 651 in
661 610 805 665 scirpo
840 623 1049 663 quaerere
1083 608 1282 650 criticum
1315 608 1567 664 opinamur3
1601 611 1671 652 cui
1703 610 1809 653 licet
1838 610 2026 667 largiare
2055 615 2242 664 utroque
2276 609 2405 652 modo
2439 624 2569 664 quem
2601 624 2702 665 pro-

582 685 731 743 posuit
756 685 965 741 vpotuisse
998 698 1155 742 graece
1190 683 1300 739 dici,
1339 691 1486 728 tamen
1519 686 1763 729 cavendum
1796 691 1866 730 est
1895 701 1950 729 ne
1983 690 2134 729 nostro
2172 685 2321 742 potius
2355 701 2485 742 quam
2519 701 2599 729 suo
2631 701 2702 728 ar·

582 762 712 804 bitrio
754 762 875 816 loqui
907 762 1137 804 Platonem
1169 776 1401 817 cogamus,
1442 778 1593 817 quem,
1635 762 1672 806 si
1712 762 1819 818 quid
1858 761 1998 816 aliud,
2039 761 2318 805 manifestum
2359 769 2448 815 est,
2492 762 2703 818 quemad-

582 837 760 879 modum
801 838 890 879 illic
928 852 1015 879 non
1056 837 1189 892 φήσεις
1222 835 1402 891 ἀγγέλους
1433 837 1591 894 πέμπων
1624 837 1703 881 sed
1743 837 1878 894 φήσεις
1915 835 1985 880 ὁπ’
2005 836 2173 894 ἀγγέλων
2204 838 2362 895 πέμπων
2395 837 2595 895 (αὐτούς),
2637 838 2702 881 sic

583 930 699 956 nunc
731 930 819 956 non
851 912 989 966 σοφίας
1022 911 1266 969 ἀντεχόμενον
1287 913 1379 961 ,sed
1416 909 1502 967 περὶ
1536 914 1676 968 σοφίας
1706 913 1953 971 ἀντεχόμενον
1993 914 2149 972 (αὐτῆς)
2190 912 2235 956 τό
2267 917 2423 970 πλῆθος
2461 911 2598 970 μεστὸν
2629 911 2704 968 ἐρί-

583 993 655 1032 ὁων
688 991 894 1034 maluisse
936 990 1129 1034 scribere
1170 991 1368 1033 oratione
1411 1006 1500 1034 non
1543 992 1746 1047 quaesita
1787 991 1867 1035 sed
1907 1009 1961 1035 ex
1994 992 2206 1036 sermonis
2237 992 2414 1049 ingenio
2446 991 2562 1035 ultro
2596 991 2700 1034 sub-

583 1074 805 1108 nascente.
868 1067 928 1108 Et
969 1067 1168 1127 videmus
1208 1067 1263 1107 ad
1305 1066 1491 1109 eundem
1534 1067 1710 1110 modum
1752 1069 1993 1111 orationem
2034 1068 2212 1110 formari
2250 1067 2305 1109 de
2349 1067 2575 1124 republica
2614 1074 2704 1108 ter-

584 1144 647 1185 tio
681 1160 721 1200 p.
749 1144 867 1186 3970

702 1213 801 1273 “Asc'
822 1213 880 1261 οὖν
914 1216 1048 1270 πάντες
1088 1221 1121 1261 οἱ
1160 1214 1315 1275 ποιηταὶ
1355 1216 1419 1260 καὶ
1462 1217 1503 1261 οἷ’
1535 1237 1572 1261 τι
1603 1221 1772 1275 λέγοντες
1804 1217 1830 1276 ἢ
1861 1224 1916 1276 τῷ
1947 1219 2060 1276 ἑτέρῳ
2096 1218 2236 1263 τούτων
2268 1218 2565 1274 ἐπιτυγχάνουσι
2596 1218 2704 1275 τύπῳ

704 1299 771 1351 τῆς
804 1296 939 1350 λέξεως
972 1291 998 1350 ἢ
1028 1300 1081 1351 τῷ
1114 1296 1227 1350 ἑτέρῳ
1258 1290 1284 1350 ἦ
1317 1297 1357 1350 ἐξ
1391 1293 1614 1352 ἀμφοτέρων
1646 1294 1714 1339 τινὶ
1746 1295 2071 1351 ξυγκεραννύντες;

585 1375 785 1429 Apparet
818 1373 930 1415 enim
963 1388 1045 1415 nec
1079 1387 1175 1414 cum
1209 1368 1284 1414 τινῖ
1311 1372 1519 1429 coniungi
1552 1371 1854 1426 ξυγκεραννύντες
1893 1389 2025 1430 posse
2066 1380 2109 1416 et
2146 1373 2180 1415 si
2215 1373 2314 1429 quis
2346 1380 2395 1414 ut
2426 1388 2532 1415 suus
2565 1373 2702 1429 parti-

586 1450 700 1505 cipio
734 1464 863 1492 casus
896 1456 1014 1492 esset
1047 1449 1087 1502 ἐξ
1120 1446 1342 1504 ἀμφοτέρων
1375 1446 1455 1490 τινοῖ
1487 1446 1789 1503 ξυγκεραννύντες
1822 1450 1977 1507 refingi
2005 1449 2151 1502 vellet,
2183 1449 2374 1491 luxatam
2405 1449 2456 1491 iri
2489 1450 2703 1492 enuntiati

586 1533 853 1568 structuram
886 1540 996 1580 quae
1030 1524 1225 1566 dativum
1259 1526 1415 1567 abesse
1447 1539 1536 1566 non
1567 1525 1685 1566 sinit.
1749 1526 1907 1581 Itaque
1939 1540 2027 1567 non
2069 1525 2339 1582 litigabimus
2372 1539 2470 1567 cum
2503 1525 2702 1578 Platone,

586 1601 705 1658 quod
736 1616 824 1642 non
858 1601 901 1642 id
936 1601 1054 1656 quod
1077 1608 1275 1643 nostrum
1309 1601 1453 1656 quivis
1484 1602 1852 1656 praeoptavisset,
1885 1602 1926 1655 ἐξ
1949 1600 2172 1656 ἀμφοτέρων
2193 1596 2262 1642 τινὶ
2294 1601 2593 1656 ξυγκεκραμένῳ,
2625 1600 2705 1644 sed

586 1676 883 1731 ἐπιτυγχοίνουτι
916 1678 957 1730 ἐξ
990 1676 1213 1732 ἀμφοτέρων
1236 1674 1303 1718 τινὶ
1336 1675 1638 1730 ξυγκεραννύντες
1670 1677 1818 1733 posuit
1849 1677 1906 1719 ad
1937 1677 2215 1734 participium
2248 1683 2297 1718 ut
2328 1676 2595 1734 cogitatione
2630 1676 2706 1718 ad-

587 1754 765 1796 deretur
796 1769 1037 1809 pronomen
1072 1751 1193 1795 αὐτόν.

794 1830 920 1871 Haec
958 1830 1260 1886 praemisimus
1300 1837 1349 1870 ut
1382 1830 1418 1871 si
1456 1830 1550 1871 fieri
1590 1837 1744 1886 posset
1774 1830 2026 1872 Phaedonis
2058 1831 2157 1871 loco
2190 1830 2336 1872 multis
2370 1829 2511 1872 modis
2545 1836 2704 1872 vexato

592 1907 744 1948 eodem
787 1906 983 1948 adhibito
1028 1905 1202 1947 dicendi
1246 1921 1406 1962 genere
1449 1906 1626 1948 tandem
1670 1922 1797 1962 opem
1840 1912 1883 1948 et
1927 1906 2208 1948 securitatem
2253 1906 2518 1948 afferremus.
2590 1905 2706 1949 Sunt

590 1990 736 2025 autem
769 1983 902 2024 verba
934 1983 1041 2024 haec
1072 1998 1115 2037 p.
1143 1983 1239 2024 82d

709 2059 914 2111 Τοιγάρτοι
946 2055 1091 2107 τοῦτοις
1124 2058 1188 2112 μὲν
1220 2051 1375 2106 ἅπασιν,
1409 2050 1438 2098 ὦ
1461 2058 1603 2114 Κέβης,
1637 2059 1765 2099 ἐκεῖνοι
1798 2053 1849 2107 οἷς
1881 2074 1918 2098 τι
1947 2057 2055 2113 μέλει
2086 2062 2152 2112 τῆς
2185 2059 2324 2098 ἑαυτῶν
2351 2061 2483 2113 ψυχῆς
2515 2056 2621 2100 α’λλά
2652 2057 2710 2114 μή

711 2133 863 2190 σώματι
896 2131 1124 2183 πλάττοντες
1154 2136 1249 2184 ζῶσι
1280 2132 1429 2187 χαίρειν
1461 2132 1622 2184 εἰπόντες
1654 2131 1696 2175 οὗ
1720 2130 1820 2175 κοιτά
1843 2129 1964 2187 τοιῦτά
1984 2132 2204 2186 πορεύονται
2235 2132 2359 2184 αὐτοῖς
2392 2131 2439 2184 αἷς
2471 2133 2538 2176 οὔκ
2570 2133 2707 2177 εἰδόσιν

712 2203 788 2268 ἕπῃ
822 2207 1011 2264 ἔρχονται.

593 2289 670 2332 Sic
705 2288 816 2330 enim
851 2288 1055 2343 leguntur
1087 2287 1129 2327 in
1164 2287 1308 2339 libris,
1351 2287 1434 2328 nisi
1465 2287 1586 2342 quod
1624 2287 1668 2328 in
1707 2301 1795 2328 uno
1839 2292 1916 2327 aut
1952 2287 2089 2328 altero
2122 2302 2272 2328 eorum
2305 2294 2347 2328 et
2380 2287 2497 2342 apud
2528 2288 2706 2330 Iambli-

594 2364 724 2406 chum
765 2363 899 2405 verba
937 2363 1135 2404 Platonis
1179 2364 1221 2404 in
1262 2363 1541 2419 protrepticis
1585 2378 1621 2404 c.
1659 2363 1712 2404 13
1752 2363 2013 2405 referentem
2055 2362 2218 2418 σώματα
2258 2364 2468 2418 scriptum
2513 2371 2580 2407 est
2627 2379 2708 2421 pro

593 2442 757 2494 σώματι.
821 2438 910 2481 Sed
943 2438 1026 2480 hoc
1057 2440 1150 2480 sive
1185 2454 1330 2479 errore
1362 2446 1514 2480 natum
1546 2454 1625 2481 seu
1658 2427 1861 2480 consulto
1894 2438 2096 2480 effectum
2129 2444 2178 2479 ut
2210 2438 2437 2489 πλάττοντες
2469 2455 2595 2482 suum
2629 2441 2706 2482 ha-

593 2518 716 2558 beret
749 2516 1062 2566 accusativum,
1097 2516 1299 2568 quoniam
1332 2515 1492 2568 plurali
1524 2529 1705 2556 numero
1737 2514 1926 2555 nominis
1958 2529 2111 2568 pamm
2143 2514 2263 2555 favet
2293 2514 2337 2555 id
2361 2515 2478 2569 quod
2509 2516 2705 2570 proxime

592 2591 818 2647 praecedit
849 2594 996 2644 ψυχῆς,
1029 2605 1117 2632 non
1151 2590 1364 2632 immerito
1391 2589 1736 2646 repudiaverunt
1757 2589 1911 2642 critici,
1943 2589 2018 2644 qui
2050 2597 2098 2631 ut
2128 2589 2292 2631 labanti
2325 2606 2456 2645 quam
2487 2591 2705 2647 putabant

592 2667 778 2710 orationi
812 2666 1095 2710 subvenirent
1126 2666 1247 2707 varia
1277 2672 1546 2722 temptarunt
1583 2666 1853 2707 luxuriantes
1885 2673 1934 2707 ut
1965 2665 2129 2707 assolet
2161 2666 2204 2706 in
2237 2665 2485 2708 divinando.
2547 2667 2706 2722 Itaque

592 2743 831 2786 Fischerus
868 2769 921 2774 —
962 2741 1110 2797 placet
1151 2743 1265 2784 enim
1304 2742 1385 2783 has
1428 2743 1577 2798 copias
1618 2742 1871 2798 opinionum
1915 2756 2132 2796 exponere
2166 2768 2220 2773 -—
2254 2741 2372 2795 σῶμοί
2402 2761 2438 2784 τι
2476 2745 2734 2792 πλάττοντες

595 2818 796 2870 coniecit,
829 2816 981 2872 σώματι
1012 2815 1240 2870 πράττοντες
1262 2817 1432 2870 Astius,
1462 2815 1615 2873 σώματι
1647 2815 1886 2871 λατρεύοντες
1911 2815 2211 2866 Heindorfius,
2246 2816 2560 2861 Stallbaumius
2592 2821 2707 2873 σῶμα

592 2893 882 2944 ἀτιτοίλλοντες,
924 2892 1112 2947 denique
1154 2892 1406 2949 Madvigius
1447 2892 1598 2948 σώματι
1636 2888 1921 2942 πελατεύοντες,
1964 2897 2007 2934 et
2045 2892 2118 2947 qui
2159 2891 2393 2935 novissime
2425 2893 2708 2936 Phaedonem

595 2970 733 3012 edidit
756 2968 1001 3013 Schanzius
1035 2985 1080 3011 re
1104 2968 1350 3025 desperata,
1384 2975 1432 3011 ut
1463 2976 1609 3010 tamen
1642 2967 1826 3011 haberet
1850 2968 1990 3010 lector
2014 2967 2132 3023 quod
2158 2968 2341 3025 intelligi
2373 2977 2539 3024 posset,
2571 2970 2708 3012 Hein-

595 3045 721 3088 dorfii
754 3052 1046 3087 commentum
1088 3045 1132 3086 in
1173 3051 1298 3086 textu
1339 3045 1488 3101 posuit
1529 3043 1608 3087 sed
1643 3058 1772 3086 cruce
1805 3043 1953 3086 critica
1991 3049 2202 3086 notatum.
2265 3045 2326 3087 Et
2358 3045 2442 3089 hoc
2474 3051 2612 3098 certe,
2654 3061 2708 3088 ne

595 3135 964 3179 recognoscamus
998 3121 1163 3174 omnia,
1206 3121 1596 3164 commendabilius
1636 3127 1703 3164 est
1736 3121 1916 3173 ceteris,
1957 3121 2236 3176 quantumvis
2276 3121 2408 3178 longe
2441 3138 2467 3164 a
2497 3121 2707 3165 librorum

596 3199 814 3254 scriptura
836 3196 1025 3241 recedat.
1076 3197 1191 3240 Nam
1215 3196 1437 3240 ἀτιτάλλειν
1455 3197 1731 3242 Sta-llbaumii
1755 3212 1883 3239 usum
1905 3195 2026 3239 verbi
2048 3197 2329 3252 perspicienti
2352 3198 2564 3240 absonum
2587 3197 2709 3240 vide-
