2953 3811
1362 232 1388 277 7

321 365 595 411 incredibilia
625 364 969 406 comminiscitur
1000 363 1272 407 confundens
1306 379 1419 420 quae
1450 364 1626 408 diversa
1656 370 1772 408 sunt.
1836 365 1952 408 Nam
1983 366 2027 407 in
2059 365 2272 423 Aeschyli
2305 381 2436 409 versu

322 445 360 489 si
391 456 544 485 verum
577 447 644 484 est
675 441 821 496 πέμπε,
862 439 917 483 de
949 455 1037 496 quo
1071 456 1170 484 cum
1203 441 1276 484 alii
1306 447 1400 484 tum
1438 441 1534 498 ipse
1566 441 1639 484 Fr.
1669 440 1939 484 Ritschelius
1975 441 2115 500 (opp.
2143 446 2181 498 1,
2212 444 2320 500 311)
2353 443 2435 486 du-

320 521 533 572 bitarunt,
564 517 750 560 orationi
784 516 1107 560 accommodari
1137 518 1222 561 nisi
1252 517 1338 561 hoc
1369 518 1500 561 modo

963 597 1097 651 τοιῷδε
1129 598 1242 648 φῶτι,
1275 595 1416 651 πέμπε,
1448 595 1505 647 τίς
1537 595 1793 651 ξυστήσεταις

317 689 406 717 non
445 678 596 729 potest
626 686 769 727 neque
800 686 906 713 vero
939 672 1026 713 vim
1063 672 1225 714 habere
1266 672 1393 714 aliam
1433 688 1563 728 quam
1605 673 1827 728 propriam
1860 688 2032 728 quaque
2072 675 2229 716 iterum
2269 675 2432 732 legitur

317 767 359 792 v.
380 750 466 793 451
501 743 567 790 καὶ
600 749 698 803 τῷδε
731 750 830 800 φῶτι
862 747 989 802 πέμπε
1021 746 1083 789 τόν
1105 748 1318 802 φερέγγυον.
1371 747 1607 804 Euripides
1639 756 1783 790 autem
1806 748 1926 803 quod
1949 750 2115 803 scribit,
2147 752 2343 806 vulgaris
2365 752 2430 794 lo-

314 824 477 882 quendi
508 822 666 866 modus
698 829 766 866 est
797 829 841 866 et
871 823 1018 866 multis
1053 823 1265 881 exemplis
1298 824 1587 880 conspicuus,
1630 839 1716 880 quo
1759 839 1837 880 per
1869 825 2176 881 compendium
2209 826 2428 882 quoddam

314 902 526 944 orationis
558 900 716 956 πέμπειν
748 899 902 942 dicunt
933 901 1092 955 πέμπειν
1122 899 1359 954 ἀγγέλλοντα
1397 901 1491 943 sive
1523 900 1745 948 κελεύοντα.
1786 917 1875 943 non
1916 917 2043 944 secus
2087 917 2138 944 ac
2169 903 2303 944 latine
2333 906 2429 944 mit-

316 985 414 1030 tere,
459 976 540 1019 sed
579 982 629 1019 ut
667 990 750 1018 nec
789 976 874 1019 hoc
914 991 997 1019 nec
1034 976 1143 1019 illud
1183 976 1365 1020 verbum
1404 992 1528 1019 suam
1572 976 1937 1033 significationem
1978 978 2239 1033 primitivam
2280 987 2424 1021 exuat.

313 1054 474 1109 Itaque
506 1053 575 1096 vel
607 1053 652 1096 in
683 1052 869 1096 Philebo
902 1053 1076 1096 omissis
1109 1053 1254 1096 verbis
1286 1051 1362 1095 ὑπό
1392 1070 1434 1094 τε
1465 1050 1633 1107 α’γγέλων
1664 1061 1782 1095 recte
1815 1054 1945 1096 scribi
1982 1060 2157 1109 poterat
2187 1052 2311 1112 ποίντῃ
2350 1057 2426 1110 φή-

314 1148 390 1182 σεις
423 1128 581 1186 πέμπων
613 1125 676 1172 καὶ
708 1132 872 1184 παροῦσι
904 1127 1076 1183 φροίζων,
1107 1137 1156 1172 ut
1188 1130 1225 1173 si
1258 1128 1343 1172 hoc
1372 1129 1436 1172 uti
1459 1130 1663 1183 volueris,
1696 1137 1816 1173 certe
1849 1147 1937 1173 non
1969 1131 2158 1186 ineptius
2191 1132 2266 1174 illa
2297 1149 2425 1187 quam

315 1221 414 1250 cum
444 1205 674 1250 Badhamo
707 1206 865 1263 πέμπων
898 1207 1174 1263 expunxeris.
1241 1205 1332 1251 Sed
1361 1203 1431 1249 ὑπ’
1451 1204 1617 1261 α’γγέλων
1650 1206 1809 1262 πέμπειν
1841 1222 1974 1263 posse
2007 1223 2102 1250 esse
2142 1207 2259 1264 quod
2294 1207 2426 1252 Stall-

313 1285 513 1328 baumius
548 1282 736 1327 credidit
766 1281 861 1340 ‘per
891 1284 1069 1327 nuntios
1102 1282 1336 1337 nuntiare'‚
1376 1282 1421 1326 id
1461 1282 1635 1340 quidem
1674 1284 1837 1326 nemini
1875 1284 2068 1341 paullum
2102 1285 2232 1327 modo
2267 1301 2422 1341 graece

315 1361 470 1405 scienti
511 1359 864 1416 persuadebitur.
930 1359 1050 1416 Quid
1083 1375 1188 1418 ergo
1221 1359 1317 1403 est?
1379 1360 1597 1402 Nimirum
1636 1361 1679 1402 in
1712 1375 1758 1402 re
1791 1367 1944 1416 aperta
1974 1362 2252 1404 alucinantur
2282 1361 2422 1413 docti3

312 1452 413 1480 nam
445 1437 623 1480 omnino
655 1435 846 1480 dubitari
876 1452 964 1480 non
986 1436 1132 1491 debet,
1165 1438 1271 1493 quin
1300 1433 1374 1480 ὑπ’
1394 1435 1562 1491 α’γγέλων
1595 1451 1693 1480 cum
1725 1436 1861 1491 φήσεις
1895 1438 2103 1494 coniungi
2136 1444 2337 1494 oporteat
2370 1454 2423 1481 ex

313 1528 365 1556 ea
395 1512 573 1556 dicendi
606 1512 922 1557 consuetudine
955 1528 1085 1570 quam
1118 1513 1249 1556 modo
1280 1513 1521 1571 tetigimus,
1554 1513 1709 1567 πέμπων
1741 1520 1884 1556 autem
1918 1514 2197 1570 participium
2232 1513 2421 1571 quodam

311 1591 516 1633 liberiore
549 1590 681 1631 modo
712 1591 1018 1645 interpositum
1051 1591 1109 1631 sit
1139 1596 1188 1630 ut
1220 1605 1275 1631 ex
1306 1588 1474 1644 ἀγγέλων
1506 1589 1708 1631 audiatur
1741 1589 1883 1640 αὐτούς.

515 1665 620 1709 Non
661 1681 823 1709 novum
863 1666 948 1708 hoc
981 1665 1280 1723 expediendae
1321 1665 1591 1708 difficultatis
1635 1680 1768 1708 causa
1798 1665 2003 1723 fingimus
2047 1666 2223 1709 dicendi
2265 1681 2419 1723 genus,

312 1759 399 1800 quo
432 1749 585 1786 notum
616 1749 684 1786 est
715 1742 1056 1800 Aristophanem
1089 1743 1168 1797 uti,
1199 1743 1243 1785 in
1276 1743 1447 1786 Avibus
1480 1759 1520 1785 V.
1549 1743 1662 1786 1004
1696 1757 1793 1785 cum
1826 1742 1942 1786 dicat

1005 1818 1113 1875 ὀρθῷ
1145 1817 1326 1875 μετρήσω
1356 1816 1482 1861 κανόνι
1514 1816 1748 1872 προστιθείς,

312 1903 356 1940 et
387 1897 431 1939 in
463 1896 600 1940 Ranis
634 1913 674 1939 v.
699 1897 785 1939 903
819 1896 873 1939 de
906 1896 1129 1954 Aeschylo
1161 1896 1348 1953 loquens

1003 1971 1064 2015 τὸν
1096 1971 1136 2014 δ’
1157 1971 1374 2015 ἀνασπῶντ’
1396 1971 1660 2028 αὐτοπρέμνοις

1004 2052 1080 2101 τοῖς
1113 2048 1281 2104 λόγοισιν

1005 2125 1216 2183 ἐμπεσόντα
1246 2127 1433 2167 συσκεδᾶν
1464 2130 1561 2168 πολ-

1004 2201 1073 2254 λοίς
1104 2201 1344 2257 ἀλινδήθρας
1377 2203 1486 2244 ἐπῶν.

305 2287 349 2322 et
382 2279 648 2337 Sophoclem
682 2296 779 2323 cum
811 2281 914 2323 alibi
945 2287 1037 2322 tum
1074 2281 1118 2321 in
1149 2280 1328 2321 Electra
1359 2295 1399 2320 v.
1424 2281 1479 2320 47

1002 2353 1167 2411 ἄγγελλε
1194 2355 1237 2397 δ’
1260 2349 1359 2410 ἶρκῳ
1387 2355 1622 2409 προστιθείς.

302 2448 402 2476 nam
434 2449 523 2477 non
554 2440 673 2477 recte
704 2435 869 2477 faciunt
900 2439 1051 2477 nostra
1083 2432 1261 2489 quidem
1295 2432 1515 2475 sententia
1547 2432 1621 2488 qui
1655 2431 1756 2473 huic
1778 2430 2061 2473 Laurentiani
2091 2430 2191 2472 libri
2225 2431 2415 2487 scriptu-

302 2526 377 2553 rae
410 2518 655 2553 ceterorum
697 2512 733 2554 si
771 2512 884 2553 tanti
924 2517 993 2553 est
1025 2525 1209 2553 assensu
1240 2524 1329 2551 non
1360 2509 1597 2551 destitutae
1633 2509 1882 2565 praeferunt
1914 2508 2209 2549 coniecturam
2243 2507 2413 2549 Reiskii

300 2581 467 2643 ἄγγελλε
497 2586 540 2628 δ’
560 2579 667 2642 ὅρκον
689 2584 924 2642 προστιθείς.
971 2587 1214 2643 Possisque
1246 2586 1375 2628 huius
1398 2586 1610 2628 orationis
1637 2584 1805 2628 radices
1828 2599 1967 2639 usque
1991 2599 2016 2626 a
2038 2583 2257 2626 communi
2289 2583 2412 2625 fonte

301 2665 497 2707 cultioris
531 2664 784 2721 graecitatis
817 2669 1017 2719 repetere
1048 2662 1258 2705 Homero.
1323 2661 1413 2705 Sed
1446 2661 1500 2703 de
1532 2661 1716 2704 Platone
1747 2660 1979 2716 loquimur,
2019 2659 2093 2714 qui
2125 2673 2238 2714 quae
2276 2657 2411 2701 habet

301 2739 497 2782 eiusdem
530 2740 703 2796 generis
735 2739 934 2796 exempla
964 2739 1050 2781 alia
1081 2737 1240 2781 similes
1264 2737 1514 2780 criticorum
1536 2736 1836 2779 cavillationes
1868 2750 1955 2777 non
1979 2734 2240 2791 effugerunt.
2296 2732 2410 2776 Cum

300 2815 413 2858 enim
445 2816 490 2858 in
523 2815 677 2859 eodem
708 2814 894 2858 Philebo
927 2829 969 2872 p.
994 2816 1087 2858 49a
1121 2814 1347 2872 scripserit
1381 2815 1608 2871 (putamus
1641 2813 1755 2855 enim
1787 2812 2035 2869 scripsisse)

417 2897 503 2935 Τῶν
534 2892 676 2948 α’ρετῶν
707 2886 900 2948 δ’ἶρόύ
937 2891 1076 2946 σοφίας
1118 2889 1202 2947 πέρι
1240 2890 1283 2933 τὸ
1321 2895 1478 2946 πλῆθος
1519 2890 1665 2940 πάντως
1707 2887 1953 2943 ἀντεχόμενον
1994 2884 2130 2942 μεστὸν
2171 2886 2303 2940 ἐρίδων
2345 2883 2409 2929 καὶ

418 2967 650 3025 δοξοσοφίας
682 2967 763 3013 ἐστὶ
793 2971 979 3023 ψευδοῢςς

297 3045 552 3090 Badhamus
584 3045 761 3102 quidem
794 3047 916 3102 (nam
939 3044 1255 3090 Stallbaumius
1288 3050 1408 3088 recte
1436 3042 1619 3100 iudicat)
1653 3041 1767 3084 hauc
1789 3040 2039 3083 scabritiem
2062 3039 2286 3083 ferendam
2310 3054 2409 3082 esse

296 3128 429 3178 negat
467 3129 511 3165 et
550 3123 672 3166 iubet
711 3129 788 3165 aut
826 3137 907 3179 pro
939 3120 1184 3177 ἀντεχόμενον
1215 3122 1369 3178 reponi
1400 3121 1522 3162 velut
1552 3116 1765 3172 ἅντίτεχνον
1798 3111 1853 3166 ἔν,
1895 3116 2013 3172 quod
2052 3122 2101 3159 ut
2139 3115 2275 3172 μεστὸν
2309 3131 2408 3159 cum

297 3192 382 3251 περὶ
414 3197 551 3252 σοφίας
583 3200 730 3242 verbis
763 3207 890 3242 coeat
921 3205 1010 3252 aut,
1045 3197 1164 3254 quod
1195 3199 1239 3240 in
1273 3198 1458 3254 repetito
1490 3196 1638 3238 libello
1672 3200 1848 3237 secutus
1883 3199 1962 3245 est,
2001 3191 2085 3246 περὶ
2116 3193 2409 3249 praepositio—
