2953 3811
1513 189 1573 237 12

482 321 658 376 ὃυνατοῦς
692 325 943 381 τιμωρεῖσθαι
975 319 1040 367 καὶ
1074 322 1253 379 ι’σχυροιὶς
1284 321 1467 378 φοβερούς
1499 318 1564 366 καὶ
1597 321 1765 379 ἐχθρούς
1797 323 2094 381 προσαγορεύων.
2139 324 2266 367 Haec
2298 325 2413 368 enim
2445 339 2471 368 a
2498 326 2599 370 Pla-

482 408 588 445 tone
628 401 826 460 profecta
857 417 956 445 esse
989 402 1181 445 clamant
1220 417 1272 444 ea
1309 416 1421 458 quae
1461 401 1734 458 praecedunt
1773 393 1856 445 ἶσοι
1894 397 1967 446 εἰσὶ
2007 401 2095 460 μετ’
2116 399 2312 453 ἀσθενείας
2343 404 2503 447 τοιοῦτοι
2535 400 2600 447 καὶ

484 478 662 521 α’δύνατοι
692 481 947 535 τιμωρεῖσθαι
979 486 1023 522 et
1055 494 1167 535 quae
1198 481 1486 534 insequuntur
1517 472 1647 532 ἄγνοια
1676 476 1751 532 γὰρ
1776 477 1802 534 ἡ
1833 481 1906 521 τῶν
1936 479 2106 534 ἰσχυρῶν
2136 478 2299 534 αἰσχροί.

691 554 782 599 Sed
813 556 900 598 iam
932 555 1180 600 desinemus
1211 570 1350 611 paene
1382 555 1528 597 inviti:
1562 555 1700 597 multa
1730 555 1846 598 enim
1878 562 2048 600 restant
2077 557 2123 599 in
2154 556 2240 599 hoc
2271 555 2448 614 dialogo
2480 571 2592 613 quae

485 638 562 675 aut
600 632 882 688 interpretem
922 633 1152 689 requirunt
1191 638 1267 675 aut
1307 630 1568 674 emendandi
1609 646 1770 674 curam.
1833 632 1935 676 Hoc
1976 634 2112 691 igitur
2142 647 2322 691 agemus
2354 633 2463 676 alias
2494 647 2594 676 cum

486 708 718 752 videbitur.
790 709 926 752 Nunc
972 710 1234 753 veniendum
1282 715 1348 751 est
1394 708 1450 750 ad
1497 723 1549 750 ea
1595 722 1781 764 quorum
1827 708 1938 753 haec
1984 724 2118 753 causa
2168 710 2426 766 praefamur.
2500 709 2596 753 Vos

487 786 625 839 enim,
664 784 998 830 Commilitones
1030 786 1263 839 carissimi,
1304 784 1492 828 vocandi
1531 785 1636 828 estis
1677 784 1856 842 publica
1886 801 1993 830 voce
2033 785 2089 829 ad
2118 785 2265 829 studia
2296 801 2480 843 quorum
2513 801 2594 831 vos

487 863 581 907 vias
619 878 671 906 ac
710 864 903 908 rationes
941 865 986 908 in
1027 880 1106 908 suo
1139 878 1356 922 quemque
1398 877 1558 921 genere
1598 861 1848 906 edocebunt
1886 863 1969 908 hae
2009 878 2119 921 quas
2158 862 2391 909 indicimus
2423 863 2600 909 scholae

488 940 786 995 academicae,
826 941 863 984 si
896 941 1072 998 quidem
1105 948 1301 985 nostram
1335 940 1522 983 docendi
1555 940 1825 983 voluntatem
1857 956 1937 985 vos
1969 947 2115 985 vestra
2147 940 2344 984 discendi
2375 941 2600 986 alacritate

488 1033 675 1074 aequare
708 1018 949 1061 volueritis.

696 1112 792 1156 Scr.
816 1130 871 1155 m.
897 1114 1086 1157 Octobri
1118 1111 1610 1157 MDCCCLXXVIII.
