2953 3811
1423 195 1450 225 Ο

371 313 514 357 8111880
537 311 800 365 consentiat,
830 310 939 353 nihil
961 325 1058 354 0880
1079 310 1360 355 tribuendum
1384 317 1583 369 apparet,
1617 317 1660 354 et
1687 311 1724 355 is
1748 326 1868 355 error
1890 317 2017 356 natus
2041 318 2108 356 est
2138 312 2371 356 manifesto
2404 312 2489 356 hoc

369 389 469 445 ipso
492 387 730 444 Sophistae
750 387 849 431 loco
873 387 928 430 ab
952 386 1092 430 Suida
1112 393 1188 430 aut
1208 387 1264 431 ab
1290 402 1343 431 eo
1365 402 1495 444 quem
1519 388 1719 443 sequitur
1739 393 1963 430 auctorem
1994 403 2224 445 perperam
2249 388 2486 432 intellecto.

371 464 463 510 Sed
484 464 716 506 Bonitzius
747 463 823 505 illa
852 464 898 505 in
920 462 1051 506 Curis
1072 464 1315 506 Platonicis
1349 466 1412 521 (p.
1441 465 1545 521 149)
1579 464 1640 507 ita
1670 463 1993 520 interpretatus
2014 471 2095 518 est,
2128 471 2177 507 ut
2198 465 2486 508 Parmenides

368 556 458 584 non
491 540 668 596 scriptis
698 540 830 582 modo
853 540 1118 583 carminibus
1152 539 1232 583 sed
1254 541 1386 583 etiam
1418 556 1501 597 per
1522 555 1772 583 sermonum
1804 548 1848 582 et
1871 542 2188 596 colloquiorum
2211 542 2487 584 occasionem

369 631 594 672 nunquam
632 631 721 658 non
752 615 945 658 oblatam
987 631 1109 658 suam
1150 616 1412 658 sententiam
1444 617 1767 673 exprompsisse
1798 617 2028 660 diceretur.
2093 616 2359 660 Dubitamus
2392 618 2485 659 viro

370 693 550 752 egregio
583 690 810 734 assentiri:
852 707 952 734 nam
983 707 1065 733 nec
1096 696 1199 751 πεζῇ
1227 692 1416 746 videtur,
1454 693 1576 734 iuxta
1608 693 1728 748 μέτρα
1761 694 1969 749 positum,
2002 692 2130 734 facile
2163 692 2249 735 alia
2280 708 2410 749 quam
2444 694 2485 735 vi

368 785 449 814 sua
478 768 659 826 propria
690 769 832 825 accipi
864 783 1010 824 posse,
1043 774 1088 810 et
1118 766 1303 811 {adm-ort
1335 769 1478 811 minus
1510 774 1611 825 apte
1637 768 1693 811 ad
1714 784 1848 811 unum
1873 772 1971 828 πεζῇ
2002 784 2133 824 quam
2166 768 2220 811 ad
2254 775 2484 825 utramque

367 853 538 904 partem
570 845 780 887 orationis
812 845 975 888 referri.
1028 845 1186 900 Itaque
1219 845 1283 888 sic
1305 845 1552 899 statuimus,
1585 846 1755 888 etiamsi
1789 846 1979 887 colorem
2004 845 2143 887 oratio
2177 845 2278 888 inde
2311 845 2485 888 duxerit

367 920 489 978 quod
521 927 567 963 et
599 921 863 964 carminibus
896 935 1003 963 usus
1035 927 1103 963 est
1133 921 1418 964 Parmenides
1457 927 1501 963 et
1535 936 1652 964 nunc
1684 922 1826 978 ipsum
1860 921 1947 963 duo
1981 922 2074 964 eius
2108 922 2312 964 versiculi
2346 938 2483 979 appo-

368 1003 549 1050 nuntur,
580 1004 726 1038 tamen
748 997 954 1053 quoniam
978 1010 1154 1039 sensum
1178 997 1331 1039 efferre
1362 1012 1492 1039 nemo
1525 998 1608 1040 nisi
1631 1004 1707 1040 aut
1729 1012 1927 1040 sermone
1960 996 2155 1053 pedestri
2188 1003 2262 1039 aut
2284 998 2483 1041 versibus

367 1074 523 1131 possit,
563 1072 674 1114 haec
706 1072 794 1114 duo
826 1075 926 1130 πεζῇ·
955 1090 997 1114 τε
1028 1070 1093 1114 καὶ
1126 1071 1224 1128 μετά
1255 1072 1398 1128 μέτρων
1430 1088 1482 1115 eo
1517 1074 1699 1116 consilio
1733 1073 1944 1129 copulari,
1977 1079 2026 1115 ut
2058 1073 2342 1116 Parmenides
2375 1089 2483 1129 quo-

366 1164 539 1205 cunque
577 1163 739 1206 genere
778 1149 863 1192 hoc
894 1164 1020 1192 suum
1053 1149 1303 1192 cantavisse
1336 1149 1499 1207 dogma
1537 1149 1833 1205 praedicetur:
1876 1164 1974 1191 cum
2016 1150 2273 1205 praesertim
2315 1166 2369 1192 ne
2409 1150 2483 1192 illa

364 1226 542 1281 quidem
580 1222 793 1280 ἅρχόμενός
831 1242 873 1266 τε
915 1222 979 1266 καὶ
1018 1223 1083 1266 did
1122 1225 1253 1275 τέλους
1293 1226 1379 1267 alio
1418 1224 1652 1267 videantur
1689 1226 1835 1267 valere
1877 1241 2008 1279 quam
2049 1231 2098 1267 ut
2140 1241 2220 1281 per
2261 1227 2482 1267 contraria

362 1301 537 1358 tempus
579 1317 707 1343 omne
748 1300 994 1342 denotetur.
1057 1301 1120 1342 Et
1162 1302 1226 1344 sic
1265 1310 1408 1354 certe,
1450 1301 1495 1343 id
1536 1301 1654 1356 quod
1696 1302 1788 1358 agit
1817 1302 1968 1353 Plato,
2013 1300 2287 1343 Parmenidis
2320 1301 2482 1343 fiducia

362 1377 477 1420 idem
516 1377 634 1418 omni
676 1375 807 1418 modo
852 1382 896 1418 et
935 1377 1052 1418 omni
1091 1383 1290 1433 tempore
1330 1377 1641 1433 praecipientis
1680 1377 1903 1433 praeclare
1947 1385 1988 1418 et
2031 1378 2228 1418 oratione
2269 1379 2480 1420 concinne

362 1459 531 1495 structa
562 1453 820 1495 ostenditur.
886 1451 1122 1508 Sequimur
1151 1453 1196 1494 111
1235 1453 1303 1495 his
1335 1452 1399 1494 M.
1435 1452 1642 1496 Schanzii
1682 1453 2038 1510 explicationem,
2079 1454 2123 1495 in
2158 1452 2348 1508 Speeim.
2383 1454 2476 1496 crit.

360 1546 403 1586 p.
429 1531 485 1572 23
516 1530 812 1586 propositam,
852 1529 921 1571 cui
963 1529 1037 1585 qui
1078 1529 1342 1587 repugnavit
1382 1529 1614 1572 Bonitzius
1657 1536 1908 1586 comparato
1940 1529 2111 1572 Philebi
2150 1529 2250 1572 loco
2292 1529 2479 1572 fortasse

361 1605 485 1649 dabit
511 1605 709 1648 nonnihil
741 1605 946 1662 praesidii
979 1613 1023 1648 et
1043 1606 1295 1648 adminiculi
1318 1607 1541 1658 accedere,
1573 1607 1609 1649 si
1632 1606 1808 1661 quidem
1842 1606 2066 1661 probabile
2100 1614 2181 1659 est,
2214 1622 2312 1647 cum
2338 1608 2477 1647 nuntii

361 1689 405 1725 et
436 1682 573 1726 verba
595 1697 739 1725 coram
768 1682 884 1726 facta
904 1698 993 1725 non
1015 1682 1226 1726 dissimile
1257 1699 1338 1739 par
1359 1683 1679 1726 contrariorum
1702 1682 1892 1725 efficiant
1926 1698 2056 1738 quam
2090 1690 2227 1726 metra
2259 1691 2302 1725 et
2335 1699 2476 1726 sermo

360 1760 595 1816 pedestris,
628 1759 811 1803 similem
843 1775 940 1802 esse
973 1759 1201 1815 utriusque
1235 1760 1355 1817 paris
1387 1761 1474 1801 vim
1507 1766 1551 1801 et
1584 1761 1855 1802 sententiam.

566 1835 656 1879 Sed
689 1836 874 1877 alterum
907 1837 951 1877 in
972 1835 1146 1878 Philebi
1168 1837 1314 1878 verbis
1347 1836 1467 1890 quod
1503 1836 1806 1878 observatione
1840 1851 1926 1876 11011
1959 1836 2186 1892 indiguum
2219 1851 2316 1877 esse
2348 1851 2472 1891 prae-

361 1912 571 1964 diximus,
612 1908 769 1968 πέμπων
801 1920 869 1954 est
906 1912 1207 1968 participium,
1246 1912 1366 1967 quod
1403 1911 1513 1954 adeo
1546 1911 1669 1953 nihili
1703 1927 1798 1954 esse
1831 1911 2093 1953 novissimus
2126 1911 2297 1953 Philebi
2331 1911 2472 1953 editor

358 1989 443 2031 sibi
481 1989 701 2044 persuasit
742 1989 1017 2040 Badhamus,
1069 1994 1118 2030 ut
1157 1988 1273 2030 haud
1314 1994 1571 2031 cunctanter
1610 2004 1748 2030 uncos
1786 1989 1883 2029 voci
1925 2003 2111 2042 nequam
2154 1988 2347 2029 adderet.
2410 1988 2471 2029 Et

358 2065 444 2107 1100
475 2064 650 2119 (1111110111
684 2065 780 2106 leve
813 2071 880 2107 est
910 2065 954 2106 in
988 2064 1073 2106 hoc
1104 2065 1278 2116 critico,
1324 2065 1397 2119 qui
1430 2079 1528 2106 cum
1561 2065 1663 2105 olim
1704 2071 1796 2105 tum
1830 2079 1980 2105 rursus
2011 2078 2150 2118 nuper
2183 2064 2300 2105 hunc
2331 2063 2470 2106 dialo-

359 2156 463 2197 gum
510 2155 590 2184 sua
636 2155 770 2196 opera
818 2140 1088 2197 recognitum
1135 2139 1273 2183 edidit
1319 2141 1382 2182 sic
1428 2147 1477 2182 ut
1522 2140 1744 2183 nonnullis
1790 2140 2050 2182 coniecturis
2097 2140 2226 2195 plane
2276 2140 2468 2196 egregiis

359 2231 615 2273 summaque
647 2215 776 2259 laude
809 2215 953 2273 dignis
985 2217 1120 2260 verba
1150 2216 1347 2259 Platonis
1380 2215 1648 2270 emendaret,
1686 2216 1823 2258 multo
1860 2216 2033 2272 saepius
2070 2217 2256 2272 spongia
2287 2215 2360 2256 illa
2392 2215 2468 2257 de-

356 2293 469 2335 letili
496 2308 609 2349 quae
640 2292 878 2349 philologis
911 2293 1057 2336 multis
1092 2292 1222 2335 hodie
1254 2293 1297 2334 in
1319 2292 1489 2335 deliciis
1522 2299 1589 2335 est
1617 2293 1780 2335 abusus
1802 2293 2045 2335 necessaria
2077 2299 2120 2333 et
2153 2298 2305 2348 aperta
2336 2293 2465 2333 nulli-

357 2384 443 2426 que
475 2368 737 2413 dubitationi
779 2369 969 2413 obnoxia
1007 2370 1257 2427 auferret*).
1321 2370 1477 2426 Itaque
1517 2385 1622 2412 sane
1662 2370 1821 2426 pusilla
1861 2384 1927 2411 res
1969 2376 2035 2410 est
2073 2368 2191 2423 quod
2229 2369 2266 2411 is
2308 2369 2465 2424 πέμπων

560 2597 599 2647 *)
645 2598 739 2635 Non
769 2604 903 2647 potest
931 2599 1006 2635 hoc
1034 2598 1221 2636 iudicium
1250 2597 1474 2636 confirmari
1504 2598 1661 2647 paucis3
1692 2605 1822 2635 tamen
1852 2609 1900 2634 ne
1926 2597 2099 2645 iniquius
2120 2596 2375 2635 existimasse
2405 2599 2463 2634 in·

355 2665 605 2712 simulemur,
642 2666 681 2702 in
712 2666 969 2703 adnotatione
1003 2677 1198 2714 ponemus
1227 2678 1349 2703 unum
1379 2672 1419 2703 et
1447 2665 1540 2703 item
1570 2666 1738 2703 alterum
1768 2664 1939 2713 exempli
1971 2675 2102 2700 causa.
2162 2663 2208 2700 P.
2236 2664 2318 2700 1Ῑό
2348 2661 2387 2700 τὲ
2422 2658 2461 2699 ὸὲ

354 2729 445 2786 παρ’
475 2730 573 2776 ἦμῶν
603 2725 878 2782 ἆμφιτβῆτημ’
901 2725 979 2768 ἐστὶ
1005 2729 1053 2778 μὴ
1083 2733 1223 2777 ταῦτα,
1249 2729 1353 2769 ἀλλὰ
1382 2729 1424 2769 τὸ
1455 2733 1602 2786 φρονεῖν
1630 2726 1693 2769 καὶ
1721 2727 1760 2769 ro*
1793 2732 1883 2768 νοεῖν
1906 2724 1968 2767 καὶ
1998 2727 2037 2766 τὸ
2069 2727 2289 2775 μεμνῆσθαι
2318 2725 2381 2767 καὶ
2412 2728 2461 2768 τὰ

353 2792 493 2837 τούτων
523 2792 574 2838 αὖ
601 2796 798 2852 ξυγγενῆ,
835 2793 957 2851 δέξαν
985 2798 1024 2836 τ’
1043 2797 1166 2854 ὅρθῆν
1193 2793 1258 2836 καὶ
1285 2797 1449 2846 ἀληθεῖς
1477 2794 1702 2850 λογισμούς,
1739 2799 1824 2848 [τῆς
1856 2796 1898 2847 *γ’
1918 2795 2066 2846 ἡδονῆς]
2107 2793 2242 2837 ἀμείνω
2278 2792 2341 2835 καὶ
2375 2793 2461 2848 λῴου

353 2861 569 2915 γίγνεσθαι
599 2860 799 2919 ξύμπασιν
827 2877 867 2905 et
897 2881 934 2916 p.
960 2867 1042 2905 19d
1069 2862 1147 2918 φὴς
1176 2864 1213 2903 δ’
1234 2865 1285 2906 αἶς
1313 2861 1406 2904 ἔοικε
1438 2863 1485 2904 en)
1515 2864 1556 2903 τό
1588 2861 1940 2919 προσρηὲησόμενσν
1970 2863 2096 2917 ὀρὲυιῖς
2132 2858 2299 2913 [ἄμεινον
2328 2863 2463 2911 ἦδῡνῆς

352 2929 414 2982 γ’]
435 2930 597 2983 ἆγαὲὀν
618 2926 708 2972 εἶναι
731 2936 828 2978 νοῦν,
847 2928 1061 2980 ἐπιστήμην,
1080 2927 1231 2972 σύνεσιν
1250 2941 1333 2973 κτλ.
1378 2934 1600 2984 Utrobique
1621 2935 1848 2972 Badhamus
1869 2934 1971 2969 delet
1994 2934 2177 2970 uncinata
2197 2935 2332 2980 verba,
2360 2947 2463 2983 quae

351 3000 455 3037 inter
473 3013 515 3039 se
535 3013 652 3051 quam
673 3009 855 3040 accurate
875 3003 1107 3051 conspirent
1125 3009 1303 3052 apparet.
1346 3000 1448 3049 Quis
1469 3002 1601 3052 igitur,
1623 3003 1690 3051 qui
1710 3001 1804 3050 quid
1825 3001 1897 3037 hoc
1916 3000 2076 3049 dialogo
2098 3010 2240 3050 agatur
2259 3002 2461 3051 cognitum

352 3065 490 3113 habet,
526 3081 605 3106 non
641 3070 902 3108 admirabitur
938 3070 1040 3108 hanc
1069 3063 1277 3115 ἄθέτησ-ιν,
1311 3082 1392 3119 qua
1425 3069 1503 3119 ipsi
1540 3081 1718 3107 summae
1755 3068 1971 3105 sententiae
2001 3067 2282 3116 gravissimum
2315 3068 2461 3106 vulnus

350 3132 560 3183 infligitur:
592 3137 667 3173 hoc
696 3145 758 3173 est
785 3138 890 3174 enim
913 3136 1088 3175 Socratis
1117 3137 1342 3183 consilium,
1374 3144 1415 3174 ut
1445 3137 1531 3173 νοῦν
1560 3143 1599 3173 et
1627 3148 1727 3185 quae
1758 3147 1845 3172 cum
1876 3147 1922 3171 eo
1944 3141 2114 3184 cognata
2144 3143 2238 3172 sunt
2261 3135 2460 3184 voluptate
