2953 3811
824 1019 1478 1082 VNIVERSITATIS
1520 1022 2099 1085 LITTERARIAE

1057 1191 1452 1242 FRIDERICAE
1490 1192 1868 1243 GVILELMAE

642 1323 1247 1449 Rnc'roR
1315 1365 1496 1449 ET
1557 1363 2279 1451 SENATVS.

407 1607 773 1702 Nobilissimus
806 1660 928 1702 locus
963 1665 1030 1702 est
1052 1660 1250 1702 Platonis
1282 1660 1326 1702 in
1348 1660 1550 1713 Philebo,
1583 1675 1682 1702 cum
1704 1659 1891 1702 decurso
1924 1661 2007 1702 iam
2039 1676 2176 1717 paene
2207 1662 2520 1717 disputationis

410 1735 553 1780 stadio
585 1750 797 1778 summam
828 1736 993 1778 faciens
1017 1734 1239 1789 Socrates,
1272 1750 1382 1792 quae
1416 1736 1484 1779 his
1517 1737 1792 1779 sermonibus
1824 1751 1922 1778 cum
1948 1737 2190 1780 Protarcho
2224 1738 2385 1781 habitis
2418 1738 2520 1780 effe-

410 1812 525 1856 cisse
557 1810 641 1855 sibi
661 1810 849 1865 videtur,
880 1827 959 1869 per
991 1812 1137 1869 capita
1168 1811 1381 1869 quaedam
1416 1812 1734 1869 complectitur.
1781 1813 1851 1855 Ibi
1882 1813 2017 1870 igitur
2049 1813 2155 1856 haec
2188 1813 2295 1856 dicit
2327 1831 2369 1871 p.
2395 1815 2487 1856 66a

531 1886 666 1946 Ποίντῃ
706 1884 756 1942 δὴ
795 1886 947 1944 φήσεις,
991 1881 1022 1929 ὦ
1061 1888 1301 1942 Πρώταρχε,
1344 1887 1423 1931 ὑπό
1462 1907 1501 1931 τε
1543 1887 1710 1945 οἷγγέλων
1750 1890 1906 1945 πέμπων
1947 1888 2008 1931 καὶ
2050 1894 2210 1943 παροῦσι
2250 1889 2423 1945 φροίζων,
2446 1917 2448 1919 »
2473 1888 2520 1942 ὥς

527 1962 644 2018 ἡδονὴ
675 1968 805 2018 κτῆμα
837 1964 903 2005 οὐκ
945 1962 1025 2005 ἔστι
1065 1968 1211 2017 πρῶτον
1243 1963 1328 2006 οὐδ’
1352 1960 1400 2006 αὗ
1430 1961 1622 2019 δεύτερον,
1666 1964 1773 2007 α’λλοί
1813 1969 1960 2019 πρῶτον
1992 1967 2055 2021 μέν
2086 1982 2139 2023 πῃ
2175 1964 2260 2019 περὶ
2292 1967 2424 2021 μέτρον
2456 1964 2519 2008 καὶ

530 2038 575 2083 τὸ
606 2041 753 2096 μέτριον
785 2036 848 2083 καὶ
882 2040 1023 2095 καίριον
1055 2038 1118 2082 καὶ
1152 2040 1276 2082 πάντα
1307 2039 1432 2083 ὁπόσα
1465 2039 1549 2097 χρὴ
1582 2045 1738 2084 τοιαῦτα
1771 2039 1926 2097 νομίζειν
1950 2040 2015 2096 τὴν
2038 2040 2156 2085 ἀΐδιον
2186 2041 2365 2099 ᾑρῆσθαι
2395 2042 2520 2094 φύσιν.

414 2116 588 2170 Quibus
621 2133 732 2173 quae
765 2133 896 2174 porro
929 2117 984 2159 de
1017 2118 1231 2159 bonorum
1263 2118 1472 2175 gradibus
1506 2133 1532 2160 a
1554 2133 1600 2161 se
1623 2119 1874 2161 constitutis
1899 2118 2057 2161 adiecit
2087 2118 2344 2162 omittimus:
2379 2135 2519 2175 neque

413 2194 527 2236 enim
549 2193 664 2236 hanc
686 2194 976 2250 philosophae
1010 2194 1190 2236 rationis
1224 2200 1391 2250 partem
1414 2195 1633 2252 attingere
1658 2209 1867 2237 conamur
1888 2196 2061 2252 egregie
2090 2196 2344 2252 praesertim
2376 2196 2431 2238 ab
2456 2197 2521 2237 in·

414 2271 607 2328 geniosis
638 2270 886 2314 hominibus
910 2271 1207 2327 explanatam3
1240 2271 1318 2314 sed
1342 2278 1578 2329 angustum
1600 2271 1723 2313 illum
1744 2278 1941 2313 nostrum
1964 2272 2196 2327 multisque
2219 2280 2519 2327 contemptum

411 2347 722 2404 grammaticae
755 2348 860 2390 artis
884 2348 1100 2390 tramitem
1122 2347 1376 2390 insistentes
1398 2347 1443 2390 id
1465 2349 1634 2404 agimus
1658 2354 1709 2389 ut
1730 2348 1970 2389 orationem
2003 2348 2119 2389 illam
2151 2349 2335 2403 primam
2365 2364 2522 2404 parum

413 2422 554 2466 doctis
591 2430 870 2480 perspectam
914 2432 958 2466 et
994 2423 1217 2465 nonnullis
1250 2424 1343 2465 vitii
1376 2430 1624 2479 suspectam
1655 2423 1928 2465 declaremus
1961 2424 1996 2465 si
2031 2438 2269 2478 possumus
2304 2430 2348 2466 et
2379 2423 2522 2465 vindi-

413 2514 575 2542 cemus.
629 2502 696 2542 Ac
728 2500 815 2542 duo
850 2510 951 2543 sunt
982 2501 1027 2542 in
1058 2500 1144 2542 illis
1176 2515 1286 2554 quae
1317 2501 1477 2542 morari
1510 2506 1676 2541 attente
1707 2500 1925 2555 legentem
1956 2500 2147 2554 possint:
2187 2501 2373 2555 primum
2408 2502 2522 2541 euim

412 2574 532 2630 quod
573 2573 780 2618 Socrates
820 2575 895 2617 illa
927 2575 1216 2618 Protarchum
1260 2576 1320 2617 ait
1363 2590 1493 2631 posse
1533 2575 1784 2630 ubicunque
1824 2582 1912 2616 tam
1954 2590 2031 2630 per
2069 2576 2246 2617 nuntios
2291 2591 2420 2631 quam
2466 2575 2522 2616 ad

410 2658 665 2707 praesentes
697 2652 834 2694 verba
863 2651 1093 2700 facientem
1128 2651 1364 2705 affirmare,
1402 2667 1490 2694 non
1522 2652 1670 2707 inepte
1702 2650 1912 2703 videmur,
1953 2652 2035 2693 etsi
2066 2652 2327 2707 interpretes
2359 2658 2523 2704 tacent,

414 2742 637 2783 quaerere,
676 2743 887 2785 quosnam
920 2728 991 2770 ille
1024 2729 1202 2771 nuntios
1235 2735 1279 2770 et
1312 2728 1367 2771 ad
1399 2744 1510 2784 quos
1543 2727 1717 2770 tandem
1750 2729 1919 2770 mittere
1952 2727 2165 2771 iubeatur.
2229 2728 2401 2785 Nempe
2435 2744 2523 2771 non

412 2803 498 2845 hoc
530 2804 670 2846 voluit
703 2805 922 2857 Socrates,
956 2811 1186 2860 utramque
1220 2805 1334 2847 viam
1366 2805 1474 2847 inire
1506 2804 1810 2857 Protarchum,
1843 2803 1920 2846 sed
1954 2818 2052 2845 cum
2088 2804 2132 2845 hi
2164 2804 2252 2846 duo
2286 2803 2404 2845 modi
2438 2806 2525 2846 sint

411 2879 524 2923 inter
556 2895 602 2923 se
635 2882 855 2933 contrarii,
889 2881 1047 2936 quibus
1081 2879 1187 2936 quid
1218 2881 1539 2923 communicare
1573 2895 1670 2922 cum
1703 2879 1797 2921 aliis
1829 2881 1988 2935 possis,
2028 2880 2096 2921 his
2130 2880 2348 2936 copulatis
2382 2880 2426 2921 id
2460 2882 2524 2921 in-

411 2954 546 3009 dicat,
578 2956 688 2999 haec
720 2956 828 2999 adeo
862 2972 959 2999 esse
983 2972 1086 2998 vera
1117 2964 1166 2998 ut
1199 2971 1463 3012 quocunque
1494 2956 1624 2998 modo
1658 2962 1700 2997 et
1732 2955 1849 3011 apud
1881 2957 2239 3010 quosviscunque
2273 2972 2524 2999 asseverare

410 3029 596 3074 fidenter
625 3032 769 3074 liceat.
832 3032 901 3074 Ea
933 3033 1048 3073 enim
1080 3033 1146 3074 vis
1179 3039 1247 3075 est
1279 3033 1583 3088 copulatorum
1615 3032 1946 3083 contrariorum,
1979 3046 2067 3072 non
2099 3038 2150 3073 ut
2180 3038 2415 3087 utrumque
2447 3047 2526 3087 per

411 3120 459 3148 se
491 3114 716 3162 spectetur
746 3107 825 3151 sed
857 3116 905 3150 ut
937 3108 1182 3151 coniunctis
1215 3108 1388 3151 duobus
1420 3124 1507 3150 una
1539 3108 1753 3150 efficiatur
1785 3108 2003 3149 sententia
2033 3108 2252 3150 universa.

2194 3184 2251 3231 l*
