2953 3811
1537 204 1564 251 6

487 338 767 396 participium
799 338 940 392 delet,
982 352 1069 394 quo
1110 337 1287 394 dempto
1326 351 1416 379 non
1454 337 1540 379 iam
1580 337 1745 379 corruit
1781 337 2022 399 sententia,
2060 350 2325 392 quamquam
2358 337 2434 391 qui
2471 337 2609 380 multo

488 430 573 459 usu
613 415 761 471 paullo
799 415 1053 458 interiorem
1091 430 1191 457 cum
1229 414 1426 457 Platonis
1469 427 1669 456 sermone
1709 412 2047 456 familiaritatem
2087 412 2379 464 contraxerit,
2421 427 2508 455 non
2549 413 2612 456 ita

488 492 705 549 patienter
734 492 845 534 feret
877 492 991 534 hanc
1027 492 1182 534 scitam
1208 490 1418 533 orationis
1440 490 1797 546 aequabilitatem
1828 485 1905 532 ὑπό
1926 506 1967 531 τε
1994 488 2164 545 α’γγέλων
2187 490 2341 546 πέμπων
2361 485 2426 531 καὶ
2447 494 2611 544 παροῦσι

490 567 646 622 φρᾶζων
678 569 855 612 sublata
886 584 997 612 voce
1030 569 1210 611 turbari.
1275 567 1366 611 Sed
1406 566 1522 610 idem
1553 567 1711 622 πέμπων
1743 567 1846 609 olim
1887 567 2164 623 prudentiori
2195 568 2349 610 critico
2381 566 2613 610 offensioni

489 647 572 688 fuit
603 645 880 698 Heindorfio,
924 646 999 701 qui
1031 660 1119 687 non
1152 644 1262 686 haec
1295 658 1406 698 quae
1438 643 1538 685 libri
1571 643 1737 686 habent
1768 642 1849 686 sed
1882 642 2083 687 adhibita
2117 645 2244 687 tmesi
2274 640 2354 686 ὑπό
2381 660 2422 685 τε
2453 638 2612 697 ἄγγελον

490 723 649 777 πέμπων
691 721 922 777 scripsisse
954 721 1185 764 Platonem
1219 719 1469 775 suspicatus
1502 726 1582 762 est.
1647 719 1708 762 At
1745 725 1795 762 ut
1832 720 2006 762 tmesim
2046 726 2295 773 taceamus,
2336 720 2461 763 cuius
2499 735 2611 776 quae

490 797 691 840 Platonis
725 797 866 839 oratio
910 796 1046 839 habet
1088 794 1290 851 exempla
1330 801 1406 837 aut
1445 793 1580 837 dubia
1620 801 1724 837 sunt
1764 801 1841 836 aut
1872 794 2048 838 diversa
2088 795 2218 851 (vide
2258 797 2517 852 interpretes
2555 795 2612 838 ad

492 873 682 916 Phaedr.
709 874 831 916 237a
865 879 909 914 et
942 871 1080 927 Gorg.
1110 872 1272 926 520e),
1311 872 1356 912 in
1398 871 1482 913 hac
1519 871 1739 913 sententia
1770 870 1898 913 valde
1931 872 2087 914 mirere
2119 872 2349 915 Platonem
2379 870 2613 927 ὁποπέμπειν

493 965 624 1004 quam
647 949 828 992 verbum
862 948 1047 1003 simplex
1077 953 1153 989 aut
1184 939 1343 1001 ἄγγελον
1365 946 1575 1003 singulari
1609 961 1791 989 numero
1823 947 2046 1000 maluisse,
2080 954 2124 990 et
2155 947 2274 1003 quod
2306 948 2611 1005 gravissimum

493 1032 575 1078 est,
607 1022 680 1068 ὑπὸ
713 1023 883 1079 α’γγέλων
916 1023 1150 1078 quominus
1184 1028 1495 1079 attemptemus
1519 1021 1808 1065 coniectando
1840 1022 2128 1078 prohibemur
2149 1025 2391 1068 certissimo
2419 1039 2502 1066 usu
2522 1040 2610 1079 quo

494 1099 658 1145 Graeci
688 1097 764 1145 ὑπὸ
795 1099 963 1156 ἀγγέλων
997 1096 1211 1156 (κηριῖκων)
1247 1096 1523 1155 προαγορεύειν,
1557 1096 1740 1149 ἐπειπεῖν,
1773 1096 1988 1154 ἀγγέλλειν,
2022 1100 2192 1154 similia,
2224 1100 2371 1144 dicere
2397 1100 2611 1144 solebant.

493 1177 595 1220 Hoc
627 1184 885 1236 argumento
919 1177 993 1234 qui
1026 1175 1274 1219 Heindorfii
1317 1177 1610 1219 coniecturam
1645 1176 1870 1219 verissime
1909 1175 2138 1234 redarguit
2169 1176 2484 1221 Stallbaumius
2515 1176 2610 1234 ipse

493 1261 543 1297 ut
576 1255 758 1313 vulgata
779 1255 916 1298 verba
947 1254 1142 1297 firmaret
1172 1253 1399 1296 mirificam
1432 1251 1748 1309 interpretandi
1778 1252 1991 1296 rationem
2024 1253 2141 1297 iniit:
2176 1269 2275 1297 cum
2308 1253 2421 1297 enim
2454 1253 2612 1309 πέμπειν

492 1331 612 1374 dicat
645 1347 742 1374 esse
774 1329 983 1373 ‘nuntiari
1016 1330 1165 1372 iubere
1200 1331 1348 1386 (eayen
1383 1328 1563 1385 laeseny,
1598 1329 1764 1372 scilicet
1794 1337 1844 1371 ut
1875 1326 1944 1371 ὑπ’
1968 1327 2135 1383 α’γγέλων
2162 1330 2319 1386 πέμπων
2350 1330 2484 1373 verb‘a
2515 1331 2611 1373 iun-

495 1414 671 1465 gantur,
704 1409 747 1450 in
780 1422 961 1464 eamque
996 1421 1087 1448 rem
1119 1404 1346 1462 Euripidis
1378 1421 1553 1448 versum
1586 1404 1738 1448 afferat
1771 1404 1826 1448 de
1857 1404 2091 1463 Iphigenia
2121 1406 2353 1450 Aulidensi
2387 1407 2474 1450 360

1564 1479 1628 1523 καὶ
1660 1481 1819 1537 πέμπεις
1851 1479 1958 1533 ἑκών,

974 1557 1016 1599 ου’
1048 1558 1130 1612 βίᾳ,
1163 1556 1216 1612 μή
1250 1560 1362 1598 τοῦτο
1395 1557 1521 1613 λέξῃς,
1555 1560 1609 1614 σῇ
1640 1557 1823 1612 δοίμαρτι,
1858 1560 1979 1598 παῖδα
2011 1556 2080 1611 σήν

975 1633 1082 1688 δεῦρ’
1103 1631 1355 1675 α’ποστέλλειν

496 1720 541 1755 et
573 1728 626 1755 ex
660 1712 870 1769 Aeschyli
903 1710 1051 1753 fabula
1082 1710 1298 1752 Thebana
1328 1726 1368 1752 v.
1393 1711 1480 1752 416

1045 1789 1177 1841 τοιῷδε
1209 1790 1309 1839 φῶτι
1342 1783 1466 1842 πέμπε
1500 1787 1555 1837 τίς
1588 1784 1833 1841 ξυστήσεται,

497 1958 658 2008 quidem
687 1957 854 1995 meliora
883 1968 968 1994 esse
1001 1955 1249 2005 comprobet,
1287 1967 1528 2005 quamquam
1565 1956 1652 2005 ipsa
1682 1956 1732 1994 ab
1763 1956 1842 1994 alio
1871 1956 2099 2002 vincantur3
2138 1962 2176 1994 et
2206 1956 2279 1994 hoc
2311 1969 2349 2005 p.
2378 1957 2454 1994 lle
2484 1964 2618 2006 aperte

498 2026 607 2070 dicit,
641 2021 680 2061 τί
705 2021 741 2060 δ’
763 2018 811 2060 (ἓν
843 2016 941 2068 ἄλλη
972 2038 1027 2061 τις
1057 2019 1226 2074 κρείττων
1256 2015 1397 2058 τούτων
1428 2024 1535 2072 φανῇ
1562 2027 1647 2066 κτλ,
1680 2030 1719 2060 et
1748 2020 1886 2060 eodem
1919 2035 2039 2073 saepe
2070 2035 2141 2072 per
2170 2028 2294 2060 totum
2327 2023 2527 2073 dialogum
2557 2037 2616 2062 re-

495 2093 636 2130 curritt
669 2092 719 2129 cf.
741 2105 777 2142 p.
803 2091 902 2129 2301.
967 2092 1199 2130 Omittimus
1230 2093 1310 2129 alia
1340 2092 1381 2128 in
1413 2091 1474 2127 his
1503 2102 1604 2140 quae
1633 2091 1864 2129 Badhamus
1893 2092 2104 2128 cavillatur
2134 2104 2211 2128 non
2243 2102 2339 2129 sane
2370 2092 2617 2140 prudentius.

497 2160 577 2199 Sed
608 2173 646 2210 p.
671 2159 753 2196 ‘Zlb
784 2161 879 2196 Νοῦν
911 2153 949 2196 δέ
981 2175 1027 2210 «γε
1060 2154 1139 2209 [nai
1170 2153 1308 2204 μνήμην
1337 2173 1400 2195 και
1431 2152 1633 2203 ἔπιττημην
1663 2173 1727 2195 και
1759 2152 1898 2211 δοξαν]
1929 2173 1975 2204 μη
2007 2152 2226 2203 κεκτημένον
2241 2156 2447 2236 [τέἲηῖἷῆ],
2476 2160 2618 2213 πρῶτον

498 2243 562 2271 μέν
597 2242 687 2264 *tour
726 2242 837 2269 alno,
873 2242 902 2263 ει
933 2243 951 2270 η
983 2242 1133 2280 (χαίρεις
1161 2244 1181 2271 η
1214 2242 1260 2271 μη
1292 2220 1462 2280 foelefflcr
1499 2240 1653 2275 “flavum
1691 2219 1737 2270 δΥΙ
1768 2241 1839 2263 που
1879 2241 1922 2263 σε
1958 2241 2128 2302 oe‘y'V0!lv,
2163 2241 2271 2263 κενον
2301 2242 2330 2277 Ὺ
2364 2241 2456 2263 0¹¹?oe
2490 2241 2618 2271 nuere

499 2302 529 2339 (t
533 2309 726 2348 ρσνγτεως.
772 2295 847 2332 nP.
876 2288 1064 2344 'Aua'ynm
1110 2294 1190 2334 ΣΩ.
1221 2287 1295 2330 Και
1325 2309 1396 2338 μηι
1418 2307 1601 2332 uss-aurave
1628 2308 1767 2338 μνημηι
1787 2308 1833 2338 μη
1865 2286 2083 2337 κεκτημένον
2104 2288 2258 2342 ‹viat-lyam
2290 2287 2336 2337 δη
2354 2308 2425 2331 που
2450 2308 2492 2330 σε
2513 2290 2616 2338 μηθ’

499 2357 552 2397 ἔτι
582 2376 670 2398 ποτε
701 2354 859 2413 ἔχαιρες
887 2358 1066 2405 μεινῆτξ·
1069 2377 1107 2397 αι
1137 2366 1221 2404 κτλ,
1250 2373 1389 2398 rursus
1422 2360 1537 2398 obelo
1568 2361 1717 2399 abusus
1744 2375 1794 2398 ex
1816 2360 2024 2410 aptissima
2044 2360 2224 2398 oratione
2246 2360 2377 2398 effecit
2408 2361 2616 2398 insulsam.

500 2427 630 2476 Quam
662 2428 765 2466 enim
788 2429 866 2466 vim
899 2429 1044 2467 habere
1074 2421 1249 2466 dicemus
1280 2429 1318 2465 in
1352 2428 1424 2466 hac
1447 2427 1629 2466 mutilata
1649 2428 1844 2466 sententia
1867 2428 2006 2481 πρὶἴτον
2026 2421 2115 2472 μένῖ)
2165 2429 2228 2466 Au
2261 2441 2340 2466 non
2370 2428 2444 2466 hoc
2475 2427 2619 2477 planis-

499 2497 598 2533 sime
630 2496 823 2540 ostendit,
868 2495 1072 2533 Socratem
1111 2497 1280 2544 primum
1313 2497 1446 2533 omnia
1475 2496 1725 2544 complexum
1757 2508 1848 2534 esse
1886 2502 1929 2532 ut
1964 2509 2014 2533 ex
2046 2495 2213 2544 singulis
2244 2495 2341 2544 quid
2371 2495 2620 2544 colligeretur

500 2563 727 2612 singulatim
759 2563 954 2600 edoceret.
1016 2563 1155 2613 Neque
1186 2564 1318 2600 obstat
1349 2563 1419 2599 sed
1452 2563 1619 2600 Platone
1659 2563 1774 2612 plane
1804 2563 1966 2613 dignum
1999 2570 2077 2609 est,
2115 2563 2223 2612 quod
2254 2562 2394 2600 deinde
2425 2576 2449 2600 a
2478 2569 2620 2611 coepta

498 2631 679 2666 oratione
710 2630 922 2666 deflectens
954 2631 1118 2667 alteram
1150 2631 1421 2667 condicionem
1453 2631 1595 2679 repetit
1623 2637 1662 2666 et
1691 2643 1739 2666 ea
1769 2631 1902 2678 posita
1927 2630 2024 2679 quid
2056 2636 2324 2678 consequatur
2353 2630 2545 2675 declarat,
2582 2636 2621 2666 et

501 2697 558 2732 sic
588 2696 790 2745 deinceps.
823 2718 871 2723 —
904 2697 1112 2734 Libentius
1149 2705 1188 2733 et
1225 2704 1265 2734 ut
1295 2698 1444 2734 invidia
1474 2698 1579 2733 absit
1609 2698 1837 2745 speciminis
1871 2698 1960 2734 loco
1991 2697 2180 2733 nonnulla
2215 2697 2390 2732 breviter
2419 2696 2619 2745 significa·

502 2776 588 2800 mus
619 2775 721 2810 quae
752 2764 867 2800 nobis
898 2764 1056 2812 quidem
1090 2777 1180 2801 vere
1211 2777 1301 2801 esse
1331 2778 1354 2800 a
1382 2764 1588 2801 Badliauio
1620 2765 1828 2801 emendata
1857 2765 1943 2801 visa
1972 2771 2079 2801 sunt:
2112 2776 2149 2812 p.
2174 2763 2264 2800 2311
2292 2756 2444 2811 γελοῖός
2473 2776 2528 2800 τις
2556 2754 2620 2798 ἇν-

499 2827 680 2884 θρωποςς
718 2844 754 2879 p.
785 2831 862 2869 53e
898 2826 938 2868 τό
977 2827 1093 2883 τρίτον
1129 2825 1182 2868 ἔτ’
1213 2830 1298 2885 ἔριῦς
1337 2846 1375 2881 p.
1404 2833 1488 2870 54b
1525 2827 1665 2869 τοιόνδε
1700 2847 1754 2876 τι;
1788 2824 1892 2882 λέγ’,
1929 2823 1957 2868 ὦ
1986 2824 2218 2885 Πρώταρχε,
2252 2825 2315 2873 μοι’
2344 2836 2433 2876 κτλς
2470 2844 2508 2880 p.
2537 2831 2620 2868 580

501 2891 702 2951 ιῖπερέχειν
732 2905 772 2937 et
801 2900 947 2952 κρατεῖν
978 2896 1017 2937 δ’
1034 2890 1060 2949 ᾗ
1077 2891 1179 2937 εἷπον
1200 2894 1296 2950 ἐγώ
1327 2915 1365 2950 p.
1389 2900 1470 2938 6οὁ
1500 2896 1539 2937 δ’
1555 2892 1593 2937 ἓν
1612 2891 1676 2944 μὲν
1698 2890 1741 2937 οὗ
1762 2907 1877 2950 ‹pm-⁸3
1909 2914 1945 2950 p.
1970 2899 2051 2938 660
2080 2893 2316 2944 ἐπιστήμαις,
2345 2892 2416 2937 τὰς
2445 2893 2482 2935 δ’
2504 2894 2618 2937 αἶα-Θ.

502 2965 579 3003 His
610 2967 711 3004 adde
741 2967 871 3016 lepide
901 2967 1144 3016 explicatum
1175 2969 1303 3006 lusum
1336 2981 1372 3016 p.
1397 2968 1478 3006 581>
1508 2963 1556 3004 τοὲ
1586 2963 1700 3005 ὅπλα.
1758 2967 1871 3005 Haec
1900 2968 2106 3016 praeclara
2136 2974 2228 3005 sunt
2260 2974 2298 3004 et
2328 2965 2475 3013 ingenii
2506 2979 2618 3014 prae-

502 3032 600 3070 clari
639 3040 887 3084 possuntque
918 3035 1128 3072 ostendere
1157 3041 1350 3084 quantum
1382 3035 1523 3073 salutis
1561 3034 1679 3073 huius
1709 3035 1835 3073 critici
1867 3035 2067 3084 sagacitas
2098 3034 2241 3072 afferre
2271 3032 2431 3071 Platoni
2467 3038 2620 3081 posset,

502 3100 579 3136 nisi
618 3100 688 3137 illa
729 3102 916 3150 pestifera
958 3103 1238 3151 persuasione,
1279 3115 1360 3152 qua
1397 3114 1485 3140 cum
1523 3102 1657 3140 multis
1694 3102 1820 3140 credit
1854 3102 2038 3140 Platonis
2078 3101 2298 3139 orationem
2335 3111 2619 3149 usquequaque

501 3167 861 3215 interpretamentis
893 3175 931 3205 et
962 3170 1242 3207 additamentis
1273 3171 1455 3206 obrutam
1485 3181 1573 3207 esse
1603 3176 1642 3206 et
1661 3181 1910 3219 oppressam,
1940 3170 2085 3206 totiens
2116 3169 2155 3205 in
2187 3168 2305 3204 devia
2334 3167 2590 3216 abriperetur.
