2953 3811
1575 97 1605 142 4

1614 221 1698 271 ’lv'
1718 225 1775 271 ἴτ’
1796 225 1949 279 ὀπάονες

1191 301 1231 346 οἵ
1257 303 1292 346 τ’
1317 298 1414 356 ὄντες
1447 301 1487 347 οἵ
1512 303 1553 346 τ’
1573 301 1744 356 οἷπόντες,
1777 302 1906 359 ἀξίνας
1936 306 2066 358 χεροῖν

1187 378 1363 437 ὁρμᾶσθ’
1384 379 1528 432 ἑλόντες
1560 380 1609 432 εἰς
1641 379 1802 433 ἐπόψιον
1834 376 1952 438 τόπον

532 461 594 502 ait
626 458 873 516 Sophocles
905 459 951 499 in
984 458 1214 515 Antigona
1246 474 1284 500 v·
1314 458 1451 509 11083

1189 534 1341 590 μέλλων
1372 530 1446 589 γοίρ
1477 528 1535 576 αἐὶ
1569 536 1663 587 δρὰῖν
1693 550 1730 576 τι
1764 530 1829 583 τοῖς
1861 527 1974 583 οὔσας
2005 533 2048 575 τέ
2078 552 2152 590 μου

1190 607 1253 652 καὶ
1285 608 1351 661 τοῖς
1384 607 1556 661 α’ποιῖσας
1588 607 1750 660 ἐλπίδας
1783 608 1987 663 διέφθορεν

532 686 648 729 idem
681 687 726 729 in
757 686 935 729 Electra
967 702 1006 727 v.
1033 687 1142 737 3053
1971 685 1977 689 ’

1192 760 1324 818 α’πὸρῳ
1355 780 1396 818 γε
1428 765 1526 818 τῷδε
1558 762 1895 818 συμπεπλέγμεθα
1926 761 2029 817 ξένῳ,

1190 832 1227 888 ὃς
1261 834 1344 881 οὔτε
1376 837 1541 892 ποίσχων
1574 832 1657 881 οὔτε
1689 840 1787 891 δρῶν
1818 835 2024 892 σιγήσεται

531 915 768 971 Euripides
808 916 852 958 in
885 914 1149 957 Bacchabus
1183 931 1222 956 v.
1248 917 1348 958 801.
1412 915 1495 958 His
1537 930 1643 958 usus
1686 919 1752 957 est
1785 913 2008 971 Hauptius
2050 913 2190 972 (Opp.
2220 919 2259 969 1,
2293 918 2400 973 264)
2443 924 2492 960 ut
2523 918 2651 960 Anti-

532 1007 673 1048 gonae
707 1006 860 1055 versus
895 993 954 1033 40

1190 1066 1231 1109 τί
1260 1066 1313 1117 δ’,
1346 1063 1377 1108 ὦ
1407 1069 1633 1120 ταλαῖφρον,
1666 1066 1700 1108 εἰ
1728 1065 1820 1108 τάδ’
1841 1067 1875 1108 ἐν
1907 1064 2068 1117 τούτοις,
2104 1064 2177 1121 ἐγώ

1188 1141 1328 1185 λύουσ’
1351 1138 1393 1184 οἷν
1425 1137 1451 1197 ἢ
1480 1141 1704 1195 ’φοίπτουσα
1735 1138 1978 1197 προσθείμην
2010 1142 2125 1185 πλέον

530 1220 790 1274 scripturam
823 1225 868 1261 et
900 1219 1160 1261 sententiam
1184 1220 1402 1261 stabiliret
1424 1219 1725 1273 sermonisque
1758 1233 1925 1260 morem
1949 1218 2089 1274 ‚latius
2121 1226 2360 1275 patentem,
2394 1237 2521 1278 quem
2545 1222 2648 1265 olim

530 1294 785 1337 Lobeckius
820 1295 1031 1351 attigerat
1065 1295 1110 1336 in
1142 1295 1398 1350 Phrynicho
1431 1311 1474 1350 p.
1501 1295 1607 1349 754,
1650 1295 1827 1337 selectis
1860 1294 2122 1350 quibusdam
2155 1297 2365 1353 exemplis
2396 1297 2647 1341 illustraret.

528 1371 772 1420 Possumus
805 1370 966 1413 addere
1001 1370 1086 1412 alia
1118 1385 1171 1412 ex
1202 1370 1405 1424 Platone,
1446 1371 1568 1412 velut
1600 1370 1656 1412 ad
1688 1369 1871 1412 eandem
1904 1370 2116 1414 rationem
2146 1373 2345 1415 revocari
2376 1380 2495 1416 recte
2527 1374 2649 1417 vide-

529 1447 647 1489 bitur
678 1448 779 1500 hoc,
812 1462 898 1502 quo
930 1446 1039 1488 nihil
1072 1453 1140 1490 est
1169 1447 1215 1488 in
1248 1446 1316 1489 his
1349 1445 1538 1505 dialogis
1569 1447 1856 1503 frequentius,
1896 1441 1959 1489 ἐπὶ
1993 1443 2131 1498 παντὸς
2164 1443 2265 1506 ὁρμῇ
2294 1445 2358 1491 καὶ
2391 1452 2554 1505 σμικροῦ
2584 1446 2648 1494 καὶ

529 1523 699 1580 μεγάλου
732 1523 954 1579 πράγματος
991 1521 1082 1567 θεὸν
1113 1521 1177 1565 αἐί
1213 1540 1286 1564 που
1317 1526 1499 1567 καλοῦσιν
1539 1524 1604 1579 (in
1635 1523 1816 1566 Timaeo
1851 1523 1983 1581 27c);
2026 1522 2144 1580 μηδὲν
2176 1526 2251 1566 δεῖν
2281 1523 2379 1582 μήτε
2415 1526 2515 1583 μέγα
2552 1526 2649 1585 μήτε

529 1598 686 1657 σμικρὸν
716 1599 865 1655 χαίρειν
905 1601 970 1656 (in
1001 1601 1189 1643 Philebo
1223 1601 1357 1656 33b):
1398 1600 1691 1656 persentimus
1724 1600 1839 1642 enim
1871 1600 2182 1643 distributione
2212 1602 2331 1645 facta
2360 1603 2648 1661 partibusque

529 1678 760 1721 contrariis
794 1677 1115 1735 coagmentatis
1154 1678 1405 1733 expressius
1445 1676 1552 1719 illud
1586 1692 1714 1720 omne
1754 1683 1830 1719 aut
1868 1677 1977 1719 nihil
2018 1677 2259 1735 significari
2270 1679 2326 1736 2¹).
2391 1678 2483 1724 Sed
2519 1696 2646 1738 prae-

529 1756 658 1812 cipue
691 1770 745 1798 ex
776 1754 905 1798 huius
936 1761 1096 1798 natura
1135 1754 1345 1796 orationis
1385 1755 1525 1796 lucem
1565 1754 1708 1797 afferri
1749 1754 1981 1810 opinamur
2011 1754 2158 1797 verbis
2201 1769 2314 1810 quae
2354 1756 2399 1798 in
2432 1756 2646 1813 Sophista

526 1833 736 1888 leguntur
766 1848 809 1887 p.
835 1832 920 1874 237
928 1848 956 1873 a

646 1904 893 1964 Τετόλμηκεν
924 1891 947 1948 ρ’
976 1905 1087 1960 λόγος
1120 1899 1224 1956 οὗτος
1255 1903 1483 1950 ιῖποθέσθαι
1514 1896 1559 1948 το
1589 1903 1643 1963 μὴ
1676 1898 1713 1949 ὃν
1738 1904 1848 1948 εἶναι·
1880 1908 2022 1959 ψεῦδος
2052 1903 2126 1961 γοίρ
2159 1904 2225 1949 οὐκ
2257 1901 2301 1950 ἂν
2323 1901 2452 1960 ἄλλως
2484 1907 2646 1966 ἐγίγνετο

649 1976 700 2027 ἕν.
748 1984 992 2040 Παρμενίδης
1024 1982 1068 2026 δὶ
1099 1981 1120 2026 o‘
1149 1983 1278 2038 μέγας,
1311 1978 1340 2025 ὦ
1363 1985 1446 2032 παῖ,
1479 1980 1608 2025 παισὶν
1629 1980 1716 2039 ἡμῖν
1738 1977 1839 2025 οὖσιν
1859 1981 2072 2038 α’ρχόμενός
2104 2000 2145 2025 τε
2178 1978 2242 2025 καὶ
2276 1981 2340 2026 διοέ
2371 1984 2503 2037 τέλους
2533 1988 2645 2029 τοῦτο

647 2058 961 2116 ἐπεμαρτύρατο,
993 2063 1092 2118 πεζῇ
1123 2077 1164 2101 τε
1195 2053 1270 2100 ὧδε
1302 2058 1486 2101 ἑκάστοτε
1518 2060 1636 2113 λέγων
1667 2056 1730 2102 καὶ
1762 2056 1860 2114 μεταῖ
1890 2059 2053 2114 μέτρων·

966 2133 1008 2178 οὖ
1037 2133 1110 2191 γᾶρ
1142 2134 1197 2192 μή
1229 2153 1322 2178 ποτε
1354 2138 1466 2178 τοῦτο
1497 2137 1606 2194 δαμῇ
1618 2135 1696 2192 “),
1729 2141 1860 2190 φησιν,
1892 2133 1983 2177 εἶναι
2013 2133 2068 2191 μὴ
2101 2135 2222 2184 ἐόντα,

965 2208 1073 2255 mol
1104 2209 1152 2254 σι)
1182 2211 1305 2267 τῆσδ’
1325 2210 1399 2265 ἀφ’
1419 2208 1511 2255 ἇδοῢ
1541 2210 1713 2268 διζῆσιος
1744 2209 1842 2266 εἶ’ργε
1874 2211 2010 2267 νόημα.

525 2290 642 2333 Nam
674 2289 839 2334 Suidae
872 2288 1048 2344 quidem
1080 2289 1349 2342 testimonio,
1381 2288 1687 2331 Parmenidem
1720 2289 1931 2332 nonnulla
1962 2287 2235 2343 καταλογάδην
2267 2289 2499 2345 scripsisse
2529 2296 2642 2335 teste

525 2366 695 2410 scilicet
709 2366 898 2409 Platone
919 2365 1155 2419 narrantis,
1172 2381 1270 2409 cum
1294 2366 1550 2421 ceteroquin
1573 2366 1810 2421 antiquitas
1832 2366 1917 2408 nisi
1934 2365 2202 2409 carminibus
2218 2380 2315 2409 eum
2336 2365 2446 2408 nihil
2463 2381 2642 2424 compo·

729 2593 769 2641 ¹)
816 2592 879 2629 Ne
908 2592 1102 2630 Romanis
1138 2591 1299 2640 quidem
1336 2592 1410 2630 hoc
1447 2591 1637 2637 alienum,
1674 2602 1949 2642 ponemusque
1979 2591 2224 2641 exemplum,
2262 2604 2381 2629 unum
2412 2592 2461 2631 de
2490 2593 2641 2641 multis,

523 2660 644 2698 Ennii
678 2671 815 2697 versus
846 2660 894 2697 de
924 2658 1112 2709 Scipione

1071 2726 1149 2763 Hic
1178 2732 1233 2763 est
1262 2726 1327 2763 ille
1355 2727 1450 2764 situs
1480 2728 1540 2764 cui
1569 2738 1673 2763 nemo
1704 2726 1794 2764 civi'
1824 2738 1942 2776 neque
1972 2726 2089 2765 hostis

1128 2793 1256 2838 Quibit
1280 2806 1356 2842 pro
1376 2794 1498 2841 sactis
1528 2794 1685 2830 reddere
1713 2796 1797 2842 opis
1824 2796 2001 2844 pregium,

521 2862 667 2911 quibus
697 2861 839 2910 ecquid
870 2861 1096 2899 dubitamus
1126 2874 1196 2899 cur
1224 2861 1301 2898 civi
1332 2861 1489 2897 hostem
1520 2860 1610 2897 addi
1643 2860 1810 2898 voluerit
1838 2860 1987 2911 pocta?

727 2927 789 2977 ”)
836 2927 949 2966 Hanc
985 2941 1118 2967 vocem
1156 2928 1355 2978 probabili
1391 2928 1622 2966 coniectura
1657 2929 1907 2978 recuperavit
1942 2928 1992 2966 H.
2025 2927 2199 2967 Steinius
2236 2929 2277 2965 in
2314 2926 2506 2977 Symbola
2539 2930 2636 2980 phil.

520 2995 649 3034 Bonn.
682 3008 719 3045 p.
743 2995 842 3041 7853
880 2996 947 3045 qui
983 3008 1064 3044 quo
1102 2995 1220 3033 modo
1259 2995 1380 3033 verba
1412 2995 1596 3033 Platonis
1633 2997 1797 3045 exponit
1832 2996 1881 3033 ad
1914 2995 2086 3051 Bonitzii
2123 3002 2291 3034 mentem
2326 2996 2492 3045 'propius
2529 3008 2639 3034 acce-

518 3062 636 3101 dente
667 3064 783 3101 nobis
812 3064 944 3101 minus
974 3062 1074 3101 satis
1105 3063 1212 3101 facit.
