2953 3811
1441 187 1502 234 10

417 322 534 365 nude
566 320 716 378 σώματι
749 324 842 372 ζῶσι
873 321 951 364 sed
984 323 1071 364 vim
1104 323 1337 365 verborum
1371 322 1496 378 quasi
1529 321 1667 378 digito
1707 327 1958 364 monstrans
1991 309 2147 379 ’σώματι
2180 321 2410 373 πλοίττοντες
2442 325 2533 373 ζῶσι

418 397 622 455 scripsit?

622 475 724 517 Non
767 474 1028 517 confidimus
1069 474 1177 516 haec
1215 489 1296 516 nos
1337 473 1600 531 probaturos
1643 473 1869 517 omnibus:
1911 474 2023 518 adeo
2060 475 2231 519 infenso
2265 475 2406 518 animo
2445 473 2531 517 hoc

417 567 558 610 genus
604 551 933 607 participiorum
984 566 1037 592 ex
1085 551 1325 608 graecitate
1374 551 1410 592 si
1457 550 1560 592 licet
1607 549 1824 606 expellere
1864 550 2165 595 decreverunt.
2236 551 2390 607 Itaque
2431 565 2529 592 cum

417 628 647 684 Antiphon
682 628 725 668 in
757 628 954 669 oratione
987 627 1041 669 de
1075 627 1282 670 choreuta
1318 629 1369 669 16
1403 627 1627 683 scripserit

536 701 797 760 Διωμᾶσαντο
829 703 871 744 δὲ
904 698 1006 746 οὗτοι
1037 703 1102 760 μὲν
1134 702 1358 746 α’ποκτεῖναί
1392 721 1437 759 με
1470 702 1662 746 Διόδοτον
1693 701 1955 754 βουλεύσαντα
1988 701 2049 747 τὸν
2078 703 2258 755 θάνατον,
2301 700 2372 759 ἐγώ
2403 701 2444 744 δὲ
2476 698 2530 757 μὴ

535 780 754 823 οἶποκτεῖναι
785 779 883 837 μήτε
913 778 1017 835 χειρὶ
1049 778 1231 837 α’ριίμενος
1263 779 1359 836 μήτε
1391 778 1614 832 βουλεύσας,

415 875 502 900 non
543 858 739 900 tulerunt
780 857 864 900 hoc
902 859 1181 914 participium
1221 856 1401 913 α’ροίμενος
1443 857 1592 899 dativo
1629 855 1731 911 χειρὶ
1776 859 1836 899 ita
1877 859 2127 915 appositum
2168 865 2218 900 ut
2257 856 2529 912 intelligatur

417 932 556 989 αὕτη’ν;
597 942 640 976 et
680 935 850 975 initium
892 934 1067 989 quidem
1110 934 1308 976 mutandi
1340 935 1406 975 vir
1445 934 1648 990 egregius
1685 934 1789 976 fecit
1822 933 2057 977 Dobraeus
2099 934 2261 991 duplici
2300 932 2528 988 proposita

417 1012 678 1063 coniectura,
712 1017 788 1052 aut
818 1009 916 1065 μήτε
948 1013 1064 1064 χεῖρα
1096 1008 1275 1066 ἄρα’μενος
1308 1017 1383 1052 aut
1413 1011 1511 1065 μήτε
1531 1004 1634 1063 χειρὶ
1659 1007 1909 1067 ἐργασόμενος
1941 1017 2159 1054 oratorem
2182 1010 2354 1052 dedisse
2388 1008 2529 1063 suspi-

417 1094 565 1138 catus3
607 1103 789 1142 quarum
830 1087 944 1128 hanc
985 1088 1165 1129 alteram
1207 1088 1499 1129 coniecturam
1540 1086 1776 1129 identidem
1819 1087 2009 1131 editores
2051 1092 2332 1144 receperunt,
2375 1082 2527 1127 confisi

418 1165 479 1205 illi
512 1165 697 1205 maxime
731 1165 947 1205 sententia
980 1165 1124 1217 simili,
1157 1179 1286 1220 quam
1320 1164 1551 1205 Dobraeus
1584 1168 1917 1218 monstraverat,
1950 1151 2208 1217 Andocidis,
2250 1162 2323 1219 qui
2356 1161 2399 1203 in
2432 1174 2528 1202 ora·

417 1241 536 1282 tione
569 1240 623 1282 de
657 1240 874 1296 mysteriis
909 1241 966 1282 94
1007 1238 1132 1281 καίτοι
1172 1241 1311 1296 inquit
1352 1233 1454 1290 οὗτος
1486 1237 1507 1281 0‘
1537 1238 1641 1296 νόμος
1681 1235 1746 1282 καὶ
1780 1238 1961 1295 πρότερον
1992 1234 2036 1297 ἦν
2069 1272 2078 1281 .
2098 1273 2106 1282 .
2140 1237 2203 1282 καὶ
2236 1243 2290 1281 νῦν
2324 1235 2424 1286 ἔστι,
2462 1232 2525 1277 καὶ

415 1321 575 1371 χρῆσθε
609 1315 729 1372 αὐτῷ,
774 1313 834 1356 τὸν
866 1315 1129 1365 βουλεύσαντα
1162 1318 1195 1358 ἐν
1229 1320 1281 1372 τῷ
1314 1315 1415 1372 αὐτῷ
1446 1316 1649 1369 ἐνέχεσθαι
1688 1313 1751 1357 καὶ
1784 1313 1846 1358 τᾶν
1879 1320 1929 1375 τῇ
1957 1315 2061 1371 χειρὶ
2094 1316 2349 1373 ἐργασάμενον.
2411 1313 2527 1356 Nam

416 1394 533 1449 quod
555 1394 835 1436 Maetznerus
870 1401 1110 1449 praeterea,
1143 1410 1197 1436 ne
1231 1395 1299 1436 cui
1330 1396 1444 1448 χεῖρα
1475 1391 1653 1449 οἷροίμενος
1685 1395 1824 1451 magis
1848 1394 2053 1448 arrideat,
2086 1409 2168 1437 usu
2196 1393 2381 1436 activam
2404 1389 2525 1433 verbi

415 1472 596 1513 formam
630 1471 819 1528 flagitari
853 1471 1021 1524 scribit,
1055 1471 1171 1526 apud
1193 1472 1476 1513 Aristotelem
1509 1471 1683 1526 quidem
1717 1472 1761 1512 in
1784 1478 1875 1513 arte
1902 1471 2121 1513 rhetorica
2157 1474 2196 1524 1,
2223 1471 2275 1512 13
2309 1485 2350 1526 p.
2374 1470 2525 1511 1374a

418 1548 473 1590 35
516 1545 576 1589 ἐοῖν
609 1545 799 1602 ἐποίρηται
838 1545 903 1602 τήν
934 1549 1050 1601 χεῖρα
1084 1543 1109 1602 ἢ
1141 1549 1296 1605 πατοίξῃ
1339 1548 1497 1604 legitur
1531 1562 1610 1590 nec
1650 1547 1813 1590 desunt
1853 1548 1937 1589 alia
1977 1548 2071 1590 eius
2110 1549 2273 1589 formae
2316 1545 2523 1602 exempla.

416 1625 513 1666 Nos
545 1626 686 1666 neutri
721 1625 951 1665 mutationi
985 1625 1300 1667 subscribimus
1334 1624 1411 1666 sed
1450 1625 1511 1665 ita
1550 1639 1799 1676 censemus,
1839 1639 1926 1664 non
1966 1625 2098 1666 licere
2131 1611 2394 1679 Antiphonti
2435 1621 2525 1663 adi-

416 1716 531 1746 mere
565 1700 684 1755 quod
717 1699 909 1741 dandum
944 1715 1041 1741 esse
1073 1701 1248 1741 Platoni
1281 1701 1592 1751 intelleximus3
1629 1707 1672 1742 et
1703 1700 2025 1756 Antiphontem
2059 1707 2254 1756 apparet,
2289 1714 2386 1740 cum
2420 1698 2526 1739 haec

414 1777 549 1818 verba
580 1777 701 1833 iungi
734 1776 865 1817 vellet
904 1773 958 1829 μὴ
991 1775 1208 1817 α’ποκτεΐναι
1239 1777 1363 1829 χειρί,
1405 1776 1769 1831 quemadmodum
1803 1777 1858 1818 de
1891 1776 2025 1819 caede
2057 1775 2250 1817 Herodis
2283 1776 2339 1817 9³2
2374 1773 2526 1816 scribit

416 1845 518 1904 gang
552 1870 590 1893 τε
624 1847 665 1893 οἷν
697 1856 747 1910 τῇ
777 1847 877 1906 χειρὶ
911 1850 1115 1909 α’ποκτεῖνῃ
1149 1852 1287 1903 οἶδίκως
1319 1851 1380 1894 καὶ
1413 1846 1514 1902 ἕστις
1545 1857 1593 1911 τῇ
1620 1851 1755 1909 ψήφῳ,
1789 1853 1940 1895 addito
1972 1853 2220 1909 participio,
2252 1852 2375 1894 alteri
2409 1849 2528 1906 quod

415 1929 712 1986 responderet,
745 1930 873 1985 plane
906 1929 1021 1971 idem
1045 1936 1244 1972 secutum
1267 1945 1362 1972 esse
1386 1929 1504 1985 quod
1526 1931 1757 1972 Platonem
1790 1931 1833 1971 in
1858 1929 2171 1972 conformando
2194 1929 2366 1971 Philebi
2390 1943 2526 1969 enun-

413 2008 522 2049 tiato
555 2023 606 2048 eo
639 2006 754 2048 unde
788 2005 900 2047 hanc
934 2007 1161 2047 materiam
1194 2007 1435 2049 disserendi
1467 2007 1681 2049 duximus.

618 2083 823 2137 Denique
856 2098 944 2123 non
976 2083 1311 2138 praeteribimus
1334 2083 1556 2125 Plutarchi
1586 2083 1720 2125 verba
1753 2099 1862 2139 quae
1895 2084 1938 2125 in
1970 2084 2082 2125 libro
2115 2082 2168 2123 de
2202 2081 2320 2123 Iside
2354 2087 2397 2122 et
2420 2079 2524 2122 Osi-

415 2159 508 2201 ride
541 2174 576 2201 c.
602 2161 674 2212 41,
706 2174 747 2214 p.
774 2160 892 2201 3670·
923 2159 1145 2216 leguntur.

533 2236 582 2278 Οἱ
623 2234 664 2277 δὲ
696 2237 824 2277 τοῖσδε
863 2237 940 2286 ’τοῖς
979 2237 1153 2288 φυσικοῖς
1193 2233 1255 2277 καὶ
1298 2239 1365 2277 τῶν
1397 2234 1467 2278 εἶπ’
1497 2234 1750 2291 α’στρολογίας
1791 2239 2074 2293 μαθηματικῶν
2116 2232 2189 2278 ἔνια
2230 2233 2416 2291 μιγνύντες
2446 2237 2527 2274 Τυ-

532 2316 639 2365 φῶνα
669 2311 733 2368 μὲν
766 2310 902 2355 οἴονται
936 2310 995 2354 τᾶν
1028 2309 1186 2367 η’λιακόν
1217 2311 1373 2367 κόσμον,
1402 2309 1554 2366 Ὄσιριν
1587 2313 1628 2355 δὲ
1666 2312 1725 2357 τὸν
1758 2311 1977 2368 σεληνιακὸν
2010 2313 2218 2368 λέγεσθαι·
2261 2309 2326 2366 την
2357 2310 2421 2367 μἐν
2452 2307 2525 2364 γάρ

531 2387 693 2445 σελήνην
724 2388 874 2446 γόνιμον
906 2386 949 2431 τὸ
982 2393 1061 2442 φῶς
1100 2386 1164 2431 καὶ
1194 2386 1388 2443 ὑγροποιὸν
1421 2388 1584 2444 ἔχουσαν
1616 2391 1750 2447 εὐμενῆ
1788 2388 1852 2432 καὶ
1891 2393 2011 2446 γοναῖς
2051 2388 2155 2446 ζῴων
2185 2387 2248 2432 καὶ
2281 2390 2406 2441 φυτῶν
2437 2386 2527 2429 εἶναι

531 2464 790 2520 βλαστήσεσι,
823 2463 885 2508 τὸν
919 2465 962 2507 δ’
982 2460 1089 2522 ἥλιον
1121 2464 1279 2522 α’κρᾰτῳ
1312 2462 1398 2521 πυρὶ
1431 2465 1705 2523 κεκληρωκότα
1731 2467 1902 2512 θάλπειν
1925 2485 1963 2509 τε
1996 2465 2059 2510 καὶ
2091 2465 2321 2509 καταυαίνειν
2353 2462 2402 2506 τοὶ
2432 2461 2527 2516 φυὲ·

530 2560 620 2598 μενα
651 2541 714 2584 καὶ
746 2539 951 2598 τεθηλότα
983 2541 1046 2585 καὶ
1080 2541 1123 2585 τὸ
1158 2540 1258 2585 πολι)
1289 2544 1396 2599 μέρος
1429 2549 1493 2599 τῆς
1526 2549 1591 2600 γῆς
1624 2544 1867 2587 παπ-ἅπασιν
1897 2542 1972 2587 dno*
2003 2547 2182 2601 φλογμοῦ
2214 2545 2327 2585 ποιεῖν
2350 2539 2525 2598 αόἴκητον

532 2617 594 2661 καὶ
628 2622 876 2673 κατακρατεῖν
908 2624 1121 2674 πολλαχοῦ
1151 2618 1215 2662 καὶ
1247 2624 1314 2675 τῆς
1346 2620 1517 2678 σελήνης.

409 2697 462 2739 In
486 2698 644 2753 quibus
667 2697 969 2754 expediendis,
1003 2713 1100 2741 cum
1124 2698 1309 2740 fulcrum
1334 2699 1550 2753 quoddam
1584 2699 1793 2756 pendenti
1824 2701 2058 2756 participio
2088 2694 2363 2752 κεκληρωκότα
2394 2714 2523 2753 quae-

410 2782 541 2826 reret,
575 2775 691 2817 varie
725 2789 771 2816 se
804 2776 934 2818 torsit
955 2774 1355 2831 Wyttenbachius3
1388 2790 1468 2817 nos
1490 2776 1607 2831 quod
1629 2776 1891 2819 Plutarchus
1924 2792 2013 2818 non
2041 2769 2204 2829 ἄκρατον
2225 2777 2299 2827 π-ῖῖρ
2330 2778 2524 2829 κεκληρω-

409 2849 505 2892 κότα
549 2850 628 2893 sed
667 2845 774 2905 ἥλιον
814 2848 968 2906 οἷκροῖτῳ
1012 2849 1102 2906 πυρὶ
1143 2850 1422 2906 κεκληρωκᾶτα
1465 2850 1594 2909 (αὖτέ)
1636 2850 1805 2898 Ξγαῖλπειν
1837 2853 2037 2909 scripsit,
2077 2853 2354 2909 agnoscimus
2394 2851 2524 2914 plane

411 2927 636 2984 egregium
661 2928 754 2971 eius
778 2929 989 2971 sermonis
1013 2944 1142 2984 quem
1165 2928 1449 2984 explanamus
1474 2930 1730 2985 exemplum.
1782 2930 1947 2972 Verum
1979 2929 2105 2971 aliter
2130 2929 2267 2971 sensit
2288 2928 2522 2983 Hauptius,

409 3004 482 3059 qui
516 3005 596 3046 etsi
628 3005 789 3047 fatetur
819 3004 937 3047 hunc
969 3005 1298 3061 participiorum
1332 3020 1457 3047 usum
1491 3021 1576 3047 non
1610 3007 1798 3048 alienum
1833 3022 1930 3049 esse
1955 3022 1981 3047 a
2006 3004 2275 3048 Graecorum
2309 3019 2523 3057 sermone,

407 3087 552 3124 tamen
585 3080 771 3140 intelligi
805 3088 953 3139 negat,
996 3097 1073 3125 cur
1104 3081 1371 3125 Plutarchus
1406 3082 1545 3125 minus
1579 3083 1765 3139 simplici
1798 3084 1997 3126 oratione
2030 3083 2124 3125 sine
2155 3081 2245 3123 ullo
2278 3083 2522 3123 sententiae

408 3158 700 3200 emolumento
734 3159 797 3201 uti
831 3159 1030 3202 voluerit.
1096 3159 1253 3214 Itaque
1287 3174 1383 3201 eum
1419 3160 1628 3201 concinne
1668 3167 1717 3201 ut
1758 3168 1858 3202 ante
1900 3157 1966 3214 τὴν
1998 3158 2157 3213 σελήνην
2187 3157 2334 3214 γόνιμον
2366 3156 2410 3199 τὸ
2442 3161 2522 3210 φῶς
