<?xml version="1.0" encoding="UTF-8"?>
<!DOCTYPE html PUBLIC "-//W3C//DTD XHTML 1.0 Transitional//EN"
    "http://www.w3.org/TR/xhtml1/DTD/xhtml1-transitional.dtd">
<html xmlns="http://www.w3.org/1999/xhtml" xml:lang="en" lang="en">
 <head>
  <title>
</title>
<meta http-equiv="Content-Type" content="text/html;charset=utf-8" />
  <meta name='ocr-system' content='tesseract 3.04.00' />
  <meta name='ocr-capabilities' content='ocr_page ocr_carea ocr_par ocr_line ocrx_word'/>
</head>
<body>
  <div class='ocr_page' id='page_1' title='image "4763752_0017.png"; bbox 0 0 2953 3811; ppageno 0'>
   <div class='ocr_carea' id='block_1_1' title="bbox 104 0 203 3811">
    <p class='ocr_par' dir='ltr' id='par_1_1' title="bbox 104 0 203 3811">
     <span class='ocr_line' id='line_1_1' title="bbox 104 0 203 3811; baseline 0 0"><span class='ocrx_word' id='word_1_1' title='bbox 104 0 203 3811; x_wconf 95' lang='lat' dir='ltr'> </span> 
     </span>
    </p>
   </div>
   <div class='ocr_carea' id='block_1_2' title="bbox 1390 220 1418 268">
    <p class='ocr_par' dir='ltr' id='par_1_2' title="bbox 1390 220 1418 268">
     <span class='ocr_line' id='line_1_2' title="bbox 1390 220 1418 268; baseline 0 0"><span class='ocrx_word' id='word_1_2' title='bbox 1390 220 1418 268; x_wconf 87' lang='lat'><strong>9</strong></span> 
     </span>
    </p>
   </div>
   <div class='ocr_carea' id='block_1_3' title="bbox 327 349 2464 3245">
    <p class='ocr_par' dir='ltr' id='par_1_3' title="bbox 327 349 2464 3245">
     <span class='ocr_line' id='line_1_3' title="bbox 350 349 2457 413; baseline -0 -13"><span class='ocrx_word' id='word_1_3' title='bbox 350 360 483 411; x_wconf 84' lang='lat' dir='ltr'>bitur,</span> <span class='ocrx_word' id='word_1_4' title='bbox 514 349 733 397; x_wconf 69' lang='grc' dir='ltr'>πελατειίειν</span> <span class='ocrx_word' id='word_1_5' title='bbox 755 359 900 396; x_wconf 84' lang='lat' dir='ltr'>autem</span> <span class='ocrx_word' id='word_1_6' title='bbox 922 353 1104 397; x_wconf 89' lang='lat' dir='ltr'>verbum</span> <span class='ocrx_word' id='word_1_7' title='bbox 1135 369 1224 396; x_wconf 91' lang='lat' dir='ltr'>non</span> <span class='ocrx_word' id='word_1_8' title='bbox 1256 360 1375 397; x_wconf 83' lang='lat' dir='ltr'>extat</span> <span class='ocrx_word' id='word_1_9' title='bbox 1405 353 1535 397; x_wconf 90' lang='lat' dir='ltr'>hodie</span> <span class='ocrx_word' id='word_1_10' title='bbox 1558 370 1701 411; x_wconf 87' lang='lat' dir='ltr'>neque</span> <span class='ocrx_word' id='word_1_11' title='bbox 1723 370 1804 411; x_wconf 88' lang='lat' dir='ltr'>per</span> <span class='ocrx_word' id='word_1_12' title='bbox 1826 354 1995 397; x_wconf 86' lang='grc' dir='ltr'>πελάτου</span> <span class='ocrx_word' id='word_1_13' title='bbox 2026 356 2213 398; x_wconf 87' lang='lat' dir='ltr'>nominis</span> <span class='ocrx_word' id='word_1_14' title='bbox 2235 356 2457 413; x_wconf 85' lang='lat' dir='ltr'>significa-</span> 
     </span>
     <span class='ocr_line' id='line_1_4' title="bbox 350 429 2456 488; baseline -0.001 -11"><span class='ocrx_word' id='word_1_15' title='bbox 350 436 515 477; x_wconf 84' lang='lat' dir='ltr'><strong>tionem</strong></span> <span class='ocrx_word' id='word_1_16' title='bbox 553 436 655 487; x_wconf 88' lang='lat' dir='ltr'>apte</span> <span class='ocrx_word' id='word_1_17' title='bbox 695 429 751 471; x_wconf 89' lang='lat' dir='ltr'>ad</span> <span class='ocrx_word' id='word_1_18' title='bbox 790 430 908 472; x_wconf 91' lang='lat' dir='ltr'>hunc</span> <span class='ocrx_word' id='word_1_19' title='bbox 945 445 1122 473; x_wconf 89' lang='lat' dir='ltr'>sensum</span> <span class='ocrx_word' id='word_1_20' title='bbox 1160 446 1289 487; x_wconf 89' lang='lat' dir='ltr'>quem</span> <span class='ocrx_word' id='word_1_21' title='bbox 1320 431 1414 488; x_wconf 90' lang='lat' dir='ltr'>ipse</span> <span class='ocrx_word' id='word_1_22' title='bbox 1447 431 1628 487; x_wconf 85' lang='lat' dir='ltr'>exprimi</span> <span class='ocrx_word' id='word_1_23' title='bbox 1662 431 1802 473; x_wconf 86' lang='lat' dir='ltr'>voluit</span> <span class='ocrx_word' id='word_1_24' title='bbox 1832 430 2084 487; x_wconf 81' lang='lat' dir='ltr'><strong>Madvigius</strong></span> <span class='ocrx_word' id='word_1_25' title='bbox 2118 431 2298 474; x_wconf 86' lang='lat' dir='ltr'>effinxit.</span> <span class='ocrx_word' id='word_1_26' title='bbox 2364 431 2456 476; x_wconf 86' lang='lat' dir='ltr'>Sed</span> 
     </span>
     <span class='ocr_line' id='line_1_5' title="bbox 351 505 2455 568; baseline -0.001 -14"><span class='ocrx_word' id='word_1_27' title='bbox 351 509 470 568; x_wconf 89' lang='lat' dir='ltr'>quod</span> <span class='ocrx_word' id='word_1_28' title='bbox 499 508 544 551; x_wconf 90' lang='lat' dir='ltr'>hi</span> <span class='ocrx_word' id='word_1_29' title='bbox 575 513 666 550; x_wconf 86' lang='lat' dir='ltr'>tres</span> <span class='ocrx_word' id='word_1_30' title='bbox 696 507 778 549; x_wconf 84' lang='lat' dir='ltr'>viri</span> <span class='ocrx_word' id='word_1_31' title='bbox 808 522 896 550; x_wconf 91' lang='lat' dir='ltr'>uno</span> <span class='ocrx_word' id='word_1_32' title='bbox 928 522 1004 550; x_wconf 87' lang='lat' dir='ltr'>ore</span> <span class='ocrx_word' id='word_1_33' title='bbox 1036 505 1219 551; x_wconf 75' lang='grc' dir='ltr'>πλάττειν</span> <span class='ocrx_word' id='word_1_34' title='bbox 1249 507 1305 550; x_wconf 89' lang='lat' dir='ltr'>de</span> <span class='ocrx_word' id='word_1_35' title='bbox 1341 507 1411 551; x_wconf 87' lang='lat' dir='ltr'>his</span> <span class='ocrx_word' id='word_1_36' title='bbox 1442 508 1518 563; x_wconf 87' lang='lat' dir='ltr'>qui</span> <span class='ocrx_word' id='word_1_37' title='bbox 1548 508 1723 563; x_wconf 82' lang='lat' dir='ltr'>corpori</span> <span class='ocrx_word' id='word_1_38' title='bbox 1753 506 1889 550; x_wconf 88' lang='lat' dir='ltr'>dediti</span> <span class='ocrx_word' id='word_1_39' title='bbox 1921 508 2075 549; x_wconf 85' lang='lat' dir='ltr'>vivunt</span> <span class='ocrx_word' id='word_1_40' title='bbox 2112 515 2230 551; x_wconf 85' lang='lat' dir='ltr'>recte</span> <span class='ocrx_word' id='word_1_41' title='bbox 2262 508 2348 551; x_wconf 90' lang='lat' dir='ltr'>dici</span> <span class='ocrx_word' id='word_1_42' title='bbox 2380 525 2455 551; x_wconf 89' lang='lat' dir='ltr'>ne-</span> 
     </span>
     <span class='ocr_line' id='line_1_6' title="bbox 350 583 2456 645; baseline 0 -17"><span class='ocrx_word' id='word_1_43' title='bbox 350 592 478 645; x_wconf 84' lang='lat' dir='ltr'>gant,</span> <span class='ocrx_word' id='word_1_44' title='bbox 517 583 681 640; x_wconf 86' lang='lat' dir='ltr'>requiri</span> <span class='ocrx_word' id='word_1_45' title='bbox 718 583 957 637; x_wconf 84' lang='lat' dir='ltr'>serviendi,</span> <span class='ocrx_word' id='word_1_46' title='bbox 997 583 1250 628; x_wconf 87' lang='lat' dir='ltr'>blandiendi</span> <span class='ocrx_word' id='word_1_47' title='bbox 1281 584 1545 627; x_wconf 87' lang='lat' dir='ltr'>vocabulum</span> <span class='ocrx_word' id='word_1_48' title='bbox 1583 584 1822 636; x_wconf 80' lang='lat' dir='ltr'>affirmant,</span> <span class='ocrx_word' id='word_1_49' title='bbox 1863 599 1944 627; x_wconf 86' lang='lat' dir='ltr'>nos</span> <span class='ocrx_word' id='word_1_50' title='bbox 1977 590 2131 627; x_wconf 84' lang='lat' dir='ltr'>contra</span> <span class='ocrx_word' id='word_1_51' title='bbox 2163 586 2374 628; x_wconf 86' lang='lat' dir='ltr'>sentimus</span> <span class='ocrx_word' id='word_1_52' title='bbox 2412 593 2456 628; x_wconf 88' lang='lat' dir='ltr'>et</span> 
     </span>
     <span class='ocr_line' id='line_1_7' title="bbox 348 656 2455 721; baseline 0 -16"><span class='ocrx_word' id='word_1_53' title='bbox 348 668 529 720; x_wconf 88' lang='lat' dir='ltr'>propter</span> <span class='ocrx_word' id='word_1_54' title='bbox 559 661 740 703; x_wconf 88' lang='lat' dir='ltr'>alteram</span> <span class='ocrx_word' id='word_1_55' title='bbox 771 668 937 718; x_wconf 86' lang='lat' dir='ltr'>partem</span> <span class='ocrx_word' id='word_1_56' title='bbox 969 662 1210 704; x_wconf 84' lang='lat' dir='ltr'>sententiae</span> <span class='ocrx_word' id='word_1_57' title='bbox 1243 656 1295 714; x_wconf 76' lang='grc' dir='ltr'>οἷς</span> <span class='ocrx_word' id='word_1_58' title='bbox 1333 678 1369 703; x_wconf 92' lang='grc' dir='ltr'>τι</span> <span class='ocrx_word' id='word_1_59' title='bbox 1407 660 1514 718; x_wconf 79' lang='grc' dir='ltr'>μέλει</span> <span class='ocrx_word' id='word_1_60' title='bbox 1553 664 1619 718; x_wconf 84' lang='grc' dir='ltr'>τῆς</span> <span class='ocrx_word' id='word_1_61' title='bbox 1651 662 1793 704; x_wconf 74' lang='grc' dir='ltr'>ἑαυτῶν</span> <span class='ocrx_word' id='word_1_62' title='bbox 1823 663 1957 717; x_wconf 76' lang='grc' dir='ltr'>ψυχῆς</span> <span class='ocrx_word' id='word_1_63' title='bbox 1997 677 2144 704; x_wconf 90' lang='lat' dir='ltr'>curam</span> <span class='ocrx_word' id='word_1_64' title='bbox 2187 662 2325 721; x_wconf 85' lang='lat' dir='ltr'>magis</span> <span class='ocrx_word' id='word_1_65' title='bbox 2359 678 2455 706; x_wconf 91' lang='lat' dir='ltr'>cor-</span> 
     </span>
     <span class='ocr_line' id='line_1_8' title="bbox 349 737 2456 797; baseline -0 -14"><span class='ocrx_word' id='word_1_66' title='bbox 349 740 469 797; x_wconf 84' lang='lat' dir='ltr'>poris</span> <span class='ocrx_word' id='word_1_67' title='bbox 500 740 695 793; x_wconf 88' lang='lat' dir='ltr'>impense</span> <span class='ocrx_word' id='word_1_68' title='bbox 727 738 921 780; x_wconf 77' lang='lat' dir='ltr'><strong>habitam</strong></span> <span class='ocrx_word' id='word_1_69' title='bbox 952 738 1193 795; x_wconf 85' lang='lat' dir='ltr'>significari</span> <span class='ocrx_word' id='word_1_70' title='bbox 1230 745 1534 795; x_wconf 84' lang='lat' dir='ltr'>expectamus3</span> <span class='ocrx_word' id='word_1_71' title='bbox 1574 754 1661 795; x_wconf 89' lang='lat' dir='ltr'>quo</span> <span class='ocrx_word' id='word_1_72' title='bbox 1700 740 1789 781; x_wconf 88' lang='lat' dir='ltr'>fere</span> <span class='ocrx_word' id='word_1_73' title='bbox 1831 737 1962 780; x_wconf 91' lang='lat' dir='ltr'>modo</span> <span class='ocrx_word' id='word_1_74' title='bbox 1995 738 2122 780; x_wconf 89' lang='lat' dir='ltr'>Plato</span> <span class='ocrx_word' id='word_1_75' title='bbox 2160 739 2205 780; x_wconf 92' lang='lat' dir='ltr'>in</span> <span class='ocrx_word' id='word_1_76' title='bbox 2248 739 2333 781; x_wconf 90' lang='lat' dir='ltr'>hoc</span> <span class='ocrx_word' id='word_1_77' title='bbox 2364 739 2456 782; x_wconf 89' lang='lat' dir='ltr'>dia-</span> 
     </span>
     <span class='ocr_line' id='line_1_9' title="bbox 348 800 2456 875; baseline -0 -16"><span class='ocrx_word' id='word_1_78' title='bbox 348 800 451 875; x_wconf 80' lang='lat' dir='ltr'>logo</span> <span class='ocrx_word' id='word_1_79' title='bbox 482 812 693 868; x_wconf 77' lang='grc' dir='ltr'>θεραπείαν</span> <span class='ocrx_word' id='word_1_80' title='bbox 724 815 921 871; x_wconf 82' lang='lat' dir='ltr'>corporis</span> <span class='ocrx_word' id='word_1_81' title='bbox 952 814 1063 858; x_wconf 74' lang='lat' dir='ltr'>dicit</span> <span class='ocrx_word' id='word_1_82' title='bbox 1094 820 1138 858; x_wconf 78' lang='lat' dir='ltr'>et</span> <span class='ocrx_word' id='word_1_83' title='bbox 1168 815 1413 868; x_wconf 75' lang='grc' dir='ltr'>θεραπεύειν,</span> <span class='ocrx_word' id='word_1_84' title='bbox 1451 830 1494 871; x_wconf 82' lang='grc' dir='ltr'>Ρ.</span> <span class='ocrx_word' id='word_1_85' title='bbox 1519 816 1614 858; x_wconf 77' lang='grc' dir='ltr'>64ἅ</span> <span class='ocrx_word' id='word_1_86' title='bbox 1651 813 1718 867; x_wconf 82' lang='grc' dir='ltr'>τοὶς</span> <span class='ocrx_word' id='word_1_87' title='bbox 1748 808 1872 866; x_wconf 62' lang='grc' dir='ltr'>ἄλλοις</span> <span class='ocrx_word' id='word_1_88' title='bbox 1904 812 1969 866; x_wconf 75' lang='grc' dir='ltr'>τοῖς</span> <span class='ocrx_word' id='word_1_89' title='bbox 2002 811 2086 868; x_wconf 74' lang='grc' dir='ltr'>περὶ</span> <span class='ocrx_word' id='word_1_90' title='bbox 2117 813 2161 856; x_wconf 76' lang='grc' dir='ltr'>τδ</span> <span class='ocrx_word' id='word_1_91' title='bbox 2193 819 2304 870; x_wconf 77' lang='grc' dir='ltr'>σῶμα</span> <span class='ocrx_word' id='word_1_92' title='bbox 2334 822 2456 869; x_wconf 80' lang='grc' dir='ltr'>θερα-</span> 
     </span>
     <span class='ocr_line' id='line_1_10' title="bbox 346 888 2457 949; baseline -0.001 -12"><span class='ocrx_word' id='word_1_93' title='bbox 346 889 451 945; x_wconf 80' lang='grc' dir='ltr'>πείας</span> <span class='ocrx_word' id='word_1_94' title='bbox 483 893 595 934; x_wconf 85' lang='grc' dir='ltr'>δοκεῖ’</span> <span class='ocrx_word' id='word_1_95' title='bbox 617 908 676 934; x_wconf 87' lang='grc' dir='ltr'>σοι</span> <span class='ocrx_word' id='word_1_96' title='bbox 710 888 873 948; x_wconf 74' lang='grc' dir='ltr'>ἐντίμους</span> <span class='ocrx_word' id='word_1_97' title='bbox 905 889 1086 947; x_wconf 75' lang='grc' dir='ltr'>ἡγεῖσθαι</span> <span class='ocrx_word' id='word_1_98' title='bbox 1117 888 1337 943; x_wconf 77' lang='grc' dir='ltr'>ὁτοιοῢτος,</span> <span class='ocrx_word' id='word_1_99' title='bbox 1368 889 1440 935; x_wconf 79' lang='grc' dir='ltr'>οἶον</span> <span class='ocrx_word' id='word_1_100' title='bbox 1463 891 1618 948; x_wconf 81' lang='grc' dir='ltr'>ἱματίων</span> <span class='ocrx_word' id='word_1_101' title='bbox 1641 890 1893 947; x_wconf 74' lang='grc' dir='ltr'>διαφερόντων</span> <span class='ocrx_word' id='word_1_102' title='bbox 1921 890 2076 946; x_wconf 76' lang='grc' dir='ltr'>κτήσεις</span> <span class='ocrx_word' id='word_1_103' title='bbox 2107 888 2171 933; x_wconf 74' lang='grc' dir='ltr'>καὶ</span> <span class='ocrx_word' id='word_1_104' title='bbox 2201 890 2457 949; x_wconf 70' lang='grc' dir='ltr'>ὑποδημάτων</span> 
     </span>
     <span class='ocr_line' id='line_1_11' title="bbox 347 962 2457 1026; baseline 0.001 -15"><span class='ocrx_word' id='word_1_105' title='bbox 347 967 411 1011; x_wconf 74' lang='grc' dir='ltr'>καὶ</span> <span class='ocrx_word' id='word_1_106' title='bbox 441 967 526 1020; x_wconf 65' lang='grc' dir='ltr'>τούς</span> <span class='ocrx_word' id='word_1_107' title='bbox 549 962 690 1019; x_wconf 74' lang='grc' dir='ltr'>ἅλλους</span> <span class='ocrx_word' id='word_1_108' title='bbox 712 966 1010 1023; x_wconf 72' lang='grc' dir='ltr'>καλλωπισμούς</span> <span class='ocrx_word' id='word_1_109' title='bbox 1042 969 1125 1019; x_wconf 80' lang='grc' dir='ltr'>τούς</span> <span class='ocrx_word' id='word_1_110' title='bbox 1147 963 1234 1022; x_wconf 68' lang='grc' dir='ltr'>περὶ</span> <span class='ocrx_word' id='word_1_111' title='bbox 1256 965 1301 1010; x_wconf 63' lang='lat' dir='ltr'>ro*</span> <span class='ocrx_word' id='word_1_112' title='bbox 1323 971 1435 1024; x_wconf 75' lang='grc' dir='ltr'>σῶμα</span> <span class='ocrx_word' id='word_1_113' title='bbox 1457 968 1613 1022; x_wconf 82' lang='grc' dir='ltr'>πότερον</span> <span class='ocrx_word' id='word_1_114' title='bbox 1635 972 1745 1025; x_wconf 80' lang='grc' dir='ltr'>τιμιῖν</span> <span class='ocrx_word' id='word_1_115' title='bbox 1765 971 1878 1011; x_wconf 83' lang='grc' dir='ltr'>δοκεῖ’</span> <span class='ocrx_word' id='word_1_116' title='bbox 1901 987 1962 1011; x_wconf 90' lang='grc' dir='ltr'>σοι</span> <span class='ocrx_word' id='word_1_117' title='bbox 1996 963 2021 1023; x_wconf 76' lang='grc' dir='ltr'>ἢ</span> <span class='ocrx_word' id='word_1_118' title='bbox 2052 967 2262 1025; x_wconf 75' lang='grc' dir='ltr'>α’τιμάζεινς</span> <span class='ocrx_word' id='word_1_119' title='bbox 2294 986 2337 1026; x_wconf 89' lang='lat' dir='ltr'>p.</span> <span class='ocrx_word' id='word_1_120' title='bbox 2362 972 2457 1013; x_wconf 73' lang='lat'>6611</span> 
     </span>
     <span class='ocr_line' id='line_1_12' title="bbox 348 1042 2458 1104; baseline -0.001 -15"><span class='ocrx_word' id='word_1_121' title='bbox 348 1043 398 1089; x_wconf 78' lang='grc' dir='ltr'>τοὶ</span> <span class='ocrx_word' id='word_1_122' title='bbox 428 1044 470 1088; x_wconf 71' lang='grc' dir='ltr'>δὲ</span> <span class='ocrx_word' id='word_1_123' title='bbox 502 1042 693 1100; x_wconf 73' lang='grc' dir='ltr'>χρήματα</span> <span class='ocrx_word' id='word_1_124' title='bbox 725 1042 1020 1100; x_wconf 62' lang='grc' dir='ltr'>ἀναγκαζόμεθα</span> <span class='ocrx_word' id='word_1_125' title='bbox 1051 1048 1225 1090; x_wconf 72' lang='grc' dir='ltr'>κτᾶσθαι</span> <span class='ocrx_word' id='word_1_126' title='bbox 1257 1042 1322 1088; x_wconf 54' lang='grc' dir='ltr'>διαὶ</span> <span class='ocrx_word' id='word_1_127' title='bbox 1353 1042 1397 1088; x_wconf 75' lang='grc' dir='ltr'><em>τό</em></span> <span class='ocrx_word' id='word_1_128' title='bbox 1418 1049 1531 1101; x_wconf 79' lang='grc' dir='ltr'>σῶμα</span> <span class='ocrx_word' id='word_1_129' title='bbox 1563 1046 1798 1098; x_wconf 78' lang='grc' dir='ltr'>δουλεύοντες</span> <span class='ocrx_word' id='word_1_130' title='bbox 1830 1048 1880 1104; x_wconf 81' lang='grc' dir='ltr'><em>τῇ</em></span> <span class='ocrx_word' id='word_1_131' title='bbox 1901 1043 2038 1088; x_wconf 76' lang='grc' dir='ltr'>τούτου</span> <span class='ocrx_word' id='word_1_132' title='bbox 2059 1043 2271 1101; x_wconf 73' lang='grc' dir='ltr'>θεραπείας</span> <span class='ocrx_word' id='word_1_133' title='bbox 2303 1060 2344 1101; x_wconf 91' lang='lat' dir='ltr'>p.</span> <span class='ocrx_word' id='word_1_134' title='bbox 2369 1044 2458 1087; x_wconf 84' lang='lat' dir='ltr'>81b</span> 
     </span>
     <span class='ocr_line' id='line_1_13' title="bbox 350 1116 2457 1179; baseline -0.001 -13"><span class='ocrx_word' id='word_1_135' title='bbox 350 1120 411 1166; x_wconf 69' lang='grc' dir='ltr'>ἐάν</span> <span class='ocrx_word' id='word_1_136' title='bbox 441 1121 486 1164; x_wconf 88' lang='grc' dir='ltr'>δέ</span> <span class='ocrx_word' id='word_1_137' title='bbox 513 1140 555 1177; x_wconf 86' lang='grc' dir='ltr'>γε</span> <span class='ocrx_word' id='word_1_138' title='bbox 587 1120 691 1178; x_wconf 72' lang='grc' dir='ltr'>οἶμαι</span> <span class='ocrx_word' id='word_1_139' title='bbox 721 1121 955 1179; x_wconf 73' lang='grc' dir='ltr'>μεμιασμένῃ</span> <span class='ocrx_word' id='word_1_140' title='bbox 994 1119 1058 1164; x_wconf 73' lang='grc' dir='ltr'>καὶ</span> <span class='ocrx_word' id='word_1_141' title='bbox 1097 1120 1321 1177; x_wconf 59' lang='grc' dir='ltr'>οἶκαῖθαρτος</span> <span class='ocrx_word' id='word_1_142' title='bbox 1360 1125 1427 1166; x_wconf 73' lang='grc' dir='ltr'>τοῦ</span> <span class='ocrx_word' id='word_1_143' title='bbox 1462 1121 1640 1178; x_wconf 63' lang='grc' dir='ltr'>σώματος</span> <span class='ocrx_word' id='word_1_144' title='bbox 1677 1122 1972 1177; x_wconf 79' lang='grc' dir='ltr'>οἷπαλλάτηται,</span> <span class='ocrx_word' id='word_1_145' title='bbox 2011 1116 2078 1165; x_wconf 75' lang='grc' dir='ltr'>άτε</span> <span class='ocrx_word' id='word_1_146' title='bbox 2118 1125 2172 1177; x_wconf 76' lang='grc' dir='ltr'>τῷ</span> <span class='ocrx_word' id='word_1_147' title='bbox 2209 1120 2361 1176; x_wconf 67' lang='grc' dir='ltr'>σώματι</span> <span class='ocrx_word' id='word_1_148' title='bbox 2399 1116 2457 1164; x_wconf 66' lang='lat' dir='ltr'>ds}</span> 
     </span>
     <span class='ocr_line' id='line_1_14' title="bbox 349 1193 2459 1257; baseline -0 -16"><span class='ocrx_word' id='word_1_149' title='bbox 349 1202 510 1255; x_wconf 79' lang='grc' dir='ltr'>ξυνοῦσα</span> <span class='ocrx_word' id='word_1_150' title='bbox 541 1193 604 1240; x_wconf 84' lang='grc' dir='ltr'>καὶ</span> <span class='ocrx_word' id='word_1_151' title='bbox 638 1202 748 1241; x_wconf 82' lang='grc' dir='ltr'>τοῦτο</span> <span class='ocrx_word' id='word_1_152' title='bbox 779 1195 1072 1252; x_wconf 73' lang='grc' dir='ltr'>θεραπεύουσα,</span> <span class='ocrx_word' id='word_1_153' title='bbox 1106 1215 1248 1256; x_wconf 87' lang='lat' dir='ltr'>neque</span> <span class='ocrx_word' id='word_1_154' title='bbox 1281 1200 1355 1242; x_wconf 84' lang='lat' dir='ltr'>illa</span> <span class='ocrx_word' id='word_1_155' title='bbox 1387 1215 1499 1256; x_wconf 89' lang='lat' dir='ltr'>quae</span> <span class='ocrx_word' id='word_1_156' title='bbox 1532 1199 1682 1243; x_wconf 83' lang='lat' dir='ltr'>scribit</span> <span class='ocrx_word' id='word_1_157' title='bbox 1712 1216 1754 1257; x_wconf 90' lang='lat' dir='ltr'>p.</span> <span class='ocrx_word' id='word_1_158' title='bbox 1780 1201 1895 1242; x_wconf 81' lang='lat' dir='ltr'>114e</span> <span class='ocrx_word' id='word_1_159' title='bbox 1926 1198 2194 1257; x_wconf 86' lang='lat' dir='ltr'>negligenda</span> <span class='ocrx_word' id='word_1_160' title='bbox 2225 1205 2327 1241; x_wconf 85' lang='lat' dir='ltr'>sunt</span> <span class='ocrx_word' id='word_1_161' title='bbox 2358 1204 2459 1251; x_wconf 83' lang='grc' dir='ltr'>θαρ-</span> 
     </span>
     <span class='ocr_line' id='line_1_15' title="bbox 348 1269 2458 1334; baseline 0 -17"><span class='ocrx_word' id='word_1_162' title='bbox 348 1277 422 1329; x_wconf 80' lang='grc' dir='ltr'>ρεῖν</span> <span class='ocrx_word' id='word_1_163' title='bbox 458 1272 541 1330; x_wconf 64' lang='grc' dir='ltr'>χρὴ</span> <span class='ocrx_word' id='word_1_164' title='bbox 580 1273 663 1330; x_wconf 83' lang='grc' dir='ltr'>περὶ</span> <span class='ocrx_word' id='word_1_165' title='bbox 702 1278 752 1334; x_wconf 79' lang='grc' dir='ltr'>τῇ</span> <span class='ocrx_word' id='word_1_166' title='bbox 789 1277 923 1317; x_wconf 81' lang='grc' dir='ltr'>ἑαυτοῦ</span> <span class='ocrx_word' id='word_1_167' title='bbox 964 1279 1082 1334; x_wconf 77' lang='grc' dir='ltr'>ψυχῇ</span> <span class='ocrx_word' id='word_1_168' title='bbox 1118 1271 1259 1330; x_wconf 68' lang='grc' dir='ltr'>ἄνδρα,</span> <span class='ocrx_word' id='word_1_169' title='bbox 1305 1269 1407 1326; x_wconf 63' lang='grc' dir='ltr'>’ὅστις</span> <span class='ocrx_word' id='word_1_170' title='bbox 1447 1277 1480 1318; x_wconf 80' lang='grc' dir='ltr'>ἐν</span> <span class='ocrx_word' id='word_1_171' title='bbox 1519 1281 1572 1332; x_wconf 73' lang='grc' dir='ltr'>τῷ</span> <span class='ocrx_word' id='word_1_172' title='bbox 1609 1275 1682 1331; x_wconf 78' lang='grc' dir='ltr'>βίῳ</span> <span class='ocrx_word' id='word_1_173' title='bbox 1719 1275 1785 1325; x_wconf 79' lang='grc' dir='ltr'>τάς</span> <span class='ocrx_word' id='word_1_174' title='bbox 1826 1275 1889 1331; x_wconf 73' lang='grc' dir='ltr'>μὲν</span> <span class='ocrx_word' id='word_1_175' title='bbox 1926 1271 2051 1327; x_wconf 68' lang='grc' dir='ltr'>ἄλλας</span> <span class='ocrx_word' id='word_1_176' title='bbox 2093 1271 2228 1331; x_wconf 79' lang='grc' dir='ltr'>ήδονοὶς</span> <span class='ocrx_word' id='word_1_177' title='bbox 2267 1272 2332 1326; x_wconf 82' lang='grc' dir='ltr'>τοὶς</span> <span class='ocrx_word' id='word_1_178' title='bbox 2373 1273 2458 1328; x_wconf 87' lang='grc' dir='ltr'>περὶ</span> 
     </span>
     <span class='ocr_line' id='line_1_16' title="bbox 349 1347 2456 1408; baseline 0 -15"><span class='ocrx_word' id='word_1_179' title='bbox 349 1349 393 1394; x_wconf 78' lang='grc' dir='ltr'>τὸ</span> <span class='ocrx_word' id='word_1_180' title='bbox 431 1354 546 1408; x_wconf 74' lang='grc' dir='ltr'>σῶμα</span> <span class='ocrx_word' id='word_1_181' title='bbox 583 1349 647 1394; x_wconf 81' lang='grc' dir='ltr'>καὶ</span> <span class='ocrx_word' id='word_1_182' title='bbox 685 1350 768 1403; x_wconf 73' lang='grc' dir='ltr'>τούς</span> <span class='ocrx_word' id='word_1_183' title='bbox 805 1350 971 1408; x_wconf 78' lang='grc' dir='ltr'>κόσμους</span> <span class='ocrx_word' id='word_1_184' title='bbox 1012 1351 1113 1395; x_wconf 84' lang='grc' dir='ltr'>εἴασε</span> <span class='ocrx_word' id='word_1_185' title='bbox 1152 1351 1300 1407; x_wconf 82' lang='grc' dir='ltr'>χαίρειν</span> <span class='ocrx_word' id='word_1_186' title='bbox 1339 1385 1348 1395; x_wconf 91' lang='grc'><strong>.</strong></span> <span class='ocrx_word' id='word_1_187' title='bbox 1366 1385 1375 1395; x_wconf 91' lang='grc'><strong>.</strong></span> <span class='ocrx_word' id='word_1_188' title='bbox 1418 1351 1484 1403; x_wconf 77' lang='grc' dir='ltr'>τοίς</span> <span class='ocrx_word' id='word_1_189' title='bbox 1525 1353 1566 1394; x_wconf 75' lang='grc' dir='ltr'>δὲ</span> <span class='ocrx_word' id='word_1_190' title='bbox 1605 1350 1689 1407; x_wconf 79' lang='grc' dir='ltr'>περὶ</span> <span class='ocrx_word' id='word_1_191' title='bbox 1737 1351 1780 1394; x_wconf 80' lang='grc' dir='ltr'>τὸ</span> <span class='ocrx_word' id='word_1_192' title='bbox 1817 1351 2015 1408; x_wconf 85' lang='grc' dir='ltr'>μανθάνειν</span> <span class='ocrx_word' id='word_1_193' title='bbox 2056 1351 2275 1394; x_wconf 85' lang='grc' dir='ltr'>ἐσπούδασέ</span> <span class='ocrx_word' id='word_1_194' title='bbox 2312 1368 2350 1393; x_wconf 90' lang='grc' dir='ltr'>τε</span> <span class='ocrx_word' id='word_1_195' title='bbox 2392 1347 2456 1394; x_wconf 73' lang='grc' dir='ltr'>καὶ</span> 
     </span>
     <span class='ocr_line' id='line_1_17' title="bbox 349 1426 2458 1486; baseline 0.001 -17"><span class='ocrx_word' id='word_1_196' title='bbox 349 1428 549 1484; x_wconf 78' lang='grc' dir='ltr'>κοσμήσας</span> <span class='ocrx_word' id='word_1_197' title='bbox 580 1426 647 1484; x_wconf 82' lang='grc' dir='ltr'>τὴν</span> <span class='ocrx_word' id='word_1_198' title='bbox 677 1426 811 1484; x_wconf 77' lang='grc' dir='ltr'>ψυχὴν</span> <span class='ocrx_word' id='word_1_199' title='bbox 843 1428 909 1472; x_wconf 78' lang='grc' dir='ltr'>οὐκ</span> <span class='ocrx_word' id='word_1_200' title='bbox 940 1427 1133 1486; x_wconf 77' lang='grc' dir='ltr'>α’λλοτρίῳ</span> <span class='ocrx_word' id='word_1_201' title='bbox 1164 1426 1272 1473; x_wconf 77' lang='grc' dir='ltr'>άλλοὶ</span> <span class='ocrx_word' id='word_1_202' title='bbox 1301 1431 1355 1486; x_wconf 76' lang='grc' dir='ltr'>τῷ·</span> <span class='ocrx_word' id='word_1_203' title='bbox 1387 1427 1503 1484; x_wconf 74' lang='grc' dir='ltr'>αὐτῆς</span> <span class='ocrx_word' id='word_1_204' title='bbox 1534 1427 1680 1485; x_wconf 81' lang='grc' dir='ltr'>κόσμῳ.</span> <span class='ocrx_word' id='word_1_205' title='bbox 1732 1429 1848 1471; x_wconf 83' lang='lat' dir='ltr'>Huic</span> <span class='ocrx_word' id='word_1_206' title='bbox 1870 1445 1974 1471; x_wconf 88' lang='lat' dir='ltr'>vero</span> <span class='ocrx_word' id='word_1_207' title='bbox 2008 1430 2157 1472; x_wconf 87' lang='lat' dir='ltr'>sensui</span> <span class='ocrx_word' id='word_1_208' title='bbox 2189 1443 2318 1483; x_wconf 88' lang='lat' dir='ltr'>quem</span> <span class='ocrx_word' id='word_1_209' title='bbox 2351 1429 2458 1472; x_wconf 92' lang='lat' dir='ltr'>dici-</span> 
     </span>
     <span class='ocr_line' id='line_1_18' title="bbox 349 1503 2456 1562; baseline 0 -15"><span class='ocrx_word' id='word_1_210' title='bbox 349 1520 445 1548; x_wconf 90' lang='lat' dir='ltr'>mus</span> <span class='ocrx_word' id='word_1_211' title='bbox 477 1506 607 1547; x_wconf 89' lang='lat' dir='ltr'>etiam</span> <span class='ocrx_word' id='word_1_212' title='bbox 640 1504 821 1548; x_wconf 82' lang='grc' dir='ltr'>πλάττειν</span> <span class='ocrx_word' id='word_1_213' title='bbox 851 1507 1054 1560; x_wconf 82' lang='lat' dir='ltr'>verbum,</span> <span class='ocrx_word' id='word_1_214' title='bbox 1087 1506 1210 1549; x_wconf 90' lang='lat' dir='ltr'>cuius</span> <span class='ocrx_word' id='word_1_215' title='bbox 1242 1506 1341 1562; x_wconf 88' lang='lat' dir='ltr'>ipsa</span> <span class='ocrx_word' id='word_1_216' title='bbox 1370 1507 1437 1548; x_wconf 90' lang='lat' dir='ltr'>vis</span> <span class='ocrx_word' id='word_1_217' title='bbox 1471 1512 1537 1548; x_wconf 86' lang='lat' dir='ltr'>est</span> <span class='ocrx_word' id='word_1_218' title='bbox 1570 1507 1686 1561; x_wconf 79' lang='grc' dir='ltr'>κηροῦ</span> <span class='ocrx_word' id='word_1_219' title='bbox 1717 1503 2021 1559; x_wconf 76' lang='grc' dir='ltr'>εὐπλαστοτέρα,</span> <span class='ocrx_word' id='word_1_220' title='bbox 2062 1505 2169 1548; x_wconf 87' lang='lat' dir='ltr'>satis</span> <span class='ocrx_word' id='word_1_221' title='bbox 2201 1505 2346 1548; x_wconf 87' lang='lat' dir='ltr'>facere</span> <span class='ocrx_word' id='word_1_222' title='bbox 2370 1511 2456 1561; x_wconf 82' lang='lat' dir='ltr'>&#39;po-</span> 
     </span>
     <span class='ocr_line' id='line_1_19' title="bbox 349 1579 2459 1638; baseline -0.001 -13"><span class='ocrx_word' id='word_1_223' title='bbox 349 1582 503 1635; x_wconf 70' lang='lat' dir='ltr'>tuisse,</span> <span class='ocrx_word' id='word_1_224' title='bbox 533 1597 623 1624; x_wconf 89' lang='lat' dir='ltr'>non</span> <span class='ocrx_word' id='word_1_225' title='bbox 655 1597 760 1624; x_wconf 84' lang='lat' dir='ltr'>sane</span> <span class='ocrx_word' id='word_1_226' title='bbox 788 1582 993 1624; x_wconf 82' lang='lat' dir='ltr'>Timaeus</span> <span class='ocrx_word' id='word_1_227' title='bbox 1027 1583 1145 1637; x_wconf 72' lang='lat' dir='ltr'>(4⁶2d</span> <span class='ocrx_word' id='word_1_228' title='bbox 1175 1579 1221 1624; x_wconf 77' lang='grc' dir='ltr'><em>τό</em></span> <span class='ocrx_word' id='word_1_229' title='bbox 1253 1580 1295 1624; x_wconf 67' lang='grc' dir='ltr'>δὲ</span> <span class='ocrx_word' id='word_1_230' title='bbox 1326 1579 1423 1638; x_wconf 69' lang='grc' dir='ltr'>μετά</span> <span class='ocrx_word' id='word_1_231' title='bbox 1454 1579 1515 1624; x_wconf 70' lang='grc' dir='ltr'>τᾶν</span> <span class='ocrx_word' id='word_1_232' title='bbox 1547 1581 1686 1636; x_wconf 85' lang='grc' dir='ltr'>σπόρον</span> <span class='ocrx_word' id='word_1_233' title='bbox 1712 1583 1786 1633; x_wconf 78' lang='grc' dir='ltr'>τοῖς</span> <span class='ocrx_word' id='word_1_234' title='bbox 1819 1582 1903 1633; x_wconf 86' lang='grc' dir='ltr'>νέοις</span> <span class='ocrx_word' id='word_1_235' title='bbox 1934 1581 2131 1636; x_wconf 81' lang='grc' dir='ltr'>παρέδωκε</span> <span class='ocrx_word' id='word_1_236' title='bbox 2161 1583 2264 1632; x_wconf 75' lang='grc' dir='ltr'>θεοῖς</span> <span class='ocrx_word' id='word_1_237' title='bbox 2296 1580 2459 1637; x_wconf 80' lang='grc' dir='ltr'>σώματα</span> 
     </span>
     <span class='ocr_line' id='line_1_20' title="bbox 349 1654 2458 1715; baseline -0 -15"><span class='ocrx_word' id='word_1_238' title='bbox 349 1654 530 1702; x_wconf 78' lang='grc' dir='ltr'>πλάττειν</span> <span class='ocrx_word' id='word_1_239' title='bbox 560 1655 708 1715; x_wconf 84' lang='grc' dir='ltr'>θνητά)</span> <span class='ocrx_word' id='word_1_240' title='bbox 742 1657 1006 1701; x_wconf 84' lang='lat' dir='ltr'>documento</span> <span class='ocrx_word' id='word_1_241' title='bbox 1039 1665 1121 1712; x_wconf 85' lang='lat' dir='ltr'>est,</span> <span class='ocrx_word' id='word_1_242' title='bbox 1162 1659 1241 1702; x_wconf 90' lang='lat' dir='ltr'>sed</span> <span class='ocrx_word' id='word_1_243' title='bbox 1273 1655 1461 1702; x_wconf 80' lang='grc' dir='ltr'>Πολιτεία</span> <span class='ocrx_word' id='word_1_244' title='bbox 1494 1660 1535 1712; x_wconf 80' lang='grc'>2,</span> <span class='ocrx_word' id='word_1_245' title='bbox 1569 1660 1684 1702; x_wconf 79' lang='lat'><strong>3770</strong></span> <span class='ocrx_word' id='word_1_246' title='bbox 1720 1655 1802 1711; x_wconf 76' lang='grc' dir='ltr'>τούς</span> <span class='ocrx_word' id='word_1_247' title='bbox 1833 1655 2071 1714; x_wconf 83' lang='grc' dir='ltr'>ἐγκριθέντας</span> <span class='ocrx_word' id='word_1_248' title='bbox 2104 1658 2289 1714; x_wconf 82' lang='grc' dir='ltr'>(μύθους)</span> <span class='ocrx_word' id='word_1_249' title='bbox 2322 1657 2458 1700; x_wconf 76' lang='grc' dir='ltr'>πείσο-</span> 
     </span>
     <span class='ocr_line' id='line_1_21' title="bbox 350 1730 2456 1792; baseline 0 -15"><span class='ocrx_word' id='word_1_250' title='bbox 350 1753 413 1792; x_wconf 89' lang='grc' dir='ltr'>μεν</span> <span class='ocrx_word' id='word_1_251' title='bbox 445 1731 511 1786; x_wconf 67' lang='lat' dir='ltr'>wig</span> <span class='ocrx_word' id='word_1_252' title='bbox 542 1731 705 1790; x_wconf 66' lang='grc' dir='ltr'>τροφούς</span> <span class='ocrx_word' id='word_1_253' title='bbox 737 1752 777 1777; x_wconf 91' lang='grc' dir='ltr'>τε</span> <span class='ocrx_word' id='word_1_254' title='bbox 808 1732 871 1777; x_wconf 78' lang='grc' dir='ltr'>καὶ</span> <span class='ocrx_word' id='word_1_255' title='bbox 902 1735 1066 1791; x_wconf 83' lang='grc' dir='ltr'>μητέρας</span> <span class='ocrx_word' id='word_1_256' title='bbox 1096 1736 1214 1791; x_wconf 89' lang='grc' dir='ltr'>λέγειν</span> <span class='ocrx_word' id='word_1_257' title='bbox 1246 1737 1321 1787; x_wconf 75' lang='grc' dir='ltr'>τοῖς</span> <span class='ocrx_word' id='word_1_258' title='bbox 1353 1730 1463 1778; x_wconf 73' lang='grc' dir='ltr'>παισὶ</span> <span class='ocrx_word' id='word_1_259' title='bbox 1495 1732 1559 1778; x_wconf 80' lang='grc' dir='ltr'>καὶ</span> <span class='ocrx_word' id='word_1_260' title='bbox 1591 1734 1772 1778; x_wconf 82' lang='grc' dir='ltr'>πλάττειν</span> <span class='ocrx_word' id='word_1_261' title='bbox 1803 1732 1867 1786; x_wconf 75' lang='grc' dir='ltr'>τοῖς</span> <span class='ocrx_word' id='word_1_262' title='bbox 1898 1733 2030 1789; x_wconf 69' lang='grc' dir='ltr'>ψυχάς</span> <span class='ocrx_word' id='word_1_263' title='bbox 2061 1732 2181 1778; x_wconf 74' lang='grc' dir='ltr'>αὐτῶν</span> <span class='ocrx_word' id='word_1_264' title='bbox 2213 1737 2289 1786; x_wconf 77' lang='grc' dir='ltr'>τοῖς</span> <span class='ocrx_word' id='word_1_265' title='bbox 2320 1734 2456 1791; x_wconf 83' lang='grc' dir='ltr'>μύθοις</span> 
     </span>
     <span class='ocr_line' id='line_1_22' title="bbox 351 1806 2456 1868; baseline -0 -14"><span class='ocrx_word' id='word_1_266' title='bbox 351 1809 453 1854; x_wconf 67' lang='grc' dir='ltr'>πολύ</span> <span class='ocrx_word' id='word_1_267' title='bbox 483 1814 631 1868; x_wconf 67' lang='grc' dir='ltr'>μᾶλλον</span> <span class='ocrx_word' id='word_1_268' title='bbox 663 1806 689 1867; x_wconf 78' lang='grc' dir='ltr'>ἢ</span> <span class='ocrx_word' id='word_1_269' title='bbox 719 1809 769 1853; x_wconf 78' lang='grc' dir='ltr'>τοὶ</span> <span class='ocrx_word' id='word_1_270' title='bbox 799 1812 960 1867; x_wconf 83' lang='grc' dir='ltr'>σώματα</span> <span class='ocrx_word' id='word_1_271' title='bbox 997 1815 1078 1864; x_wconf 81' lang='grc' dir='ltr'>ταῖς</span> <span class='ocrx_word' id='word_1_272' title='bbox 1115 1812 1268 1867; x_wconf 81' lang='grc' dir='ltr'>χερσίν,</span> <span class='ocrx_word' id='word_1_273' title='bbox 1311 1812 1390 1856; x_wconf 86' lang='lat' dir='ltr'>sed</span> <span class='ocrx_word' id='word_1_274' title='bbox 1427 1812 1482 1856; x_wconf 89' lang='lat' dir='ltr'>ab</span> <span class='ocrx_word' id='word_1_275' title='bbox 1516 1812 1774 1855; x_wconf 87' lang='lat' dir='ltr'>Heindorfio</span> <span class='ocrx_word' id='word_1_276' title='bbox 1807 1812 1963 1855; x_wconf 85' lang='lat' dir='ltr'>citatus</span> <span class='ocrx_word' id='word_1_277' title='bbox 1994 1811 2258 1854; x_wconf 85' lang='lat' dir='ltr'>Plutarchus</span> <span class='ocrx_word' id='word_1_278' title='bbox 2291 1811 2335 1853; x_wconf 88' lang='lat' dir='ltr'>in</span> <span class='ocrx_word' id='word_1_279' title='bbox 2368 1810 2456 1854; x_wconf 88' lang='lat' dir='ltr'>Co-</span> 
     </span>
     <span class='ocr_line' id='line_1_23' title="bbox 350 1881 2453 1945; baseline -0.001 -13"><span class='ocrx_word' id='word_1_280' title='bbox 350 1889 518 1932; x_wconf 85' lang='lat' dir='ltr'>riolano</span> <span class='ocrx_word' id='word_1_281' title='bbox 551 1904 588 1932; x_wconf 92' lang='lat' dir='ltr'>c.</span> <span class='ocrx_word' id='word_1_282' title='bbox 612 1889 685 1942; x_wconf 76' lang='lat'>32,</span> <span class='ocrx_word' id='word_1_283' title='bbox 709 1890 732 1930; x_wconf 85' lang='grc'><strong>7</strong></span> <span class='ocrx_word' id='word_1_284' title='bbox 768 1887 823 1940; x_wconf 74' lang='grc' dir='ltr'>τίς</span> <span class='ocrx_word' id='word_1_285' title='bbox 853 1881 896 1931; x_wconf 74' lang='grc' dir='ltr'>οἲν</span> <span class='ocrx_word' id='word_1_286' title='bbox 927 1883 1046 1940; x_wconf 72' lang='grc' dir='ltr'>ἄλλος</span> <span class='ocrx_word' id='word_1_287' title='bbox 1077 1887 1133 1945; x_wconf 85' lang='grc' dir='ltr'>εἴη</span> <span class='ocrx_word' id='word_1_288' title='bbox 1167 1888 1306 1943; x_wconf 76' lang='grc' dir='ltr'>τρόπος</span> <span class='ocrx_word' id='word_1_289' title='bbox 1336 1883 1367 1945; x_wconf 75' lang='grc' dir='ltr'><em>ᾧ</em></span> <span class='ocrx_word' id='word_1_290' title='bbox 1385 1892 1594 1945; x_wconf 84' lang='grc' dir='ltr'>βοηθοῦσιν</span> <span class='ocrx_word' id='word_1_291' title='bbox 1626 1887 1837 1944; x_wconf 66' lang='grc' dir='ltr'>ἀνθρώποις</span> <span class='ocrx_word' id='word_1_292' title='bbox 1868 1886 1931 1930; x_wconf 79' lang='grc' dir='ltr'>καὶ</span> <span class='ocrx_word' id='word_1_293' title='bbox 1963 1891 2196 1943; x_wconf 79' lang='grc' dir='ltr'>συνεργοῦσιν</span> <span class='ocrx_word' id='word_1_294' title='bbox 2229 1890 2286 1944; x_wconf 84' lang='grc' dir='ltr'>(οἱ</span> <span class='ocrx_word' id='word_1_295' title='bbox 2316 1887 2453 1945; x_wconf 83' lang='grc' dir='ltr'>θεοί);</span> 
     </span>
     <span class='ocr_line' id='line_1_24' title="bbox 327 1962 2456 2022; baseline 0 -15"><span class='ocrx_word' id='word_1_296' title='bbox 327 1963 394 2007; x_wconf 50' lang='grc' dir='ltr'>,οὔ</span> <span class='ocrx_word' id='word_1_297' title='bbox 423 1962 467 2007; x_wconf 80' lang='grc' dir='ltr'>τδ</span> <span class='ocrx_word' id='word_1_298' title='bbox 499 1968 611 2022; x_wconf 78' lang='grc' dir='ltr'>σῶμα</span> <span class='ocrx_word' id='word_1_299' title='bbox 641 1964 766 2020; x_wconf 82' lang='grc' dir='ltr'>δήπου</span> <span class='ocrx_word' id='word_1_300' title='bbox 797 1965 1027 2017; x_wconf 82' lang='grc' dir='ltr'>πλάττοντες</span> <span class='ocrx_word' id='word_1_301' title='bbox 1059 1963 1161 2022; x_wconf 74' lang='grc' dir='ltr'>ἡμῶν</span> <span class='ocrx_word' id='word_1_302' title='bbox 1184 1964 1269 2009; x_wconf 73' lang='grc' dir='ltr'>οὐδὲ</span> <span class='ocrx_word' id='word_1_303' title='bbox 1289 1963 1355 2018; x_wconf 76' lang='grc' dir='ltr'>τοῖς</span> <span class='ocrx_word' id='word_1_304' title='bbox 1375 1968 1507 2020; x_wconf 76' lang='grc' dir='ltr'>χεῖρας</span> <span class='ocrx_word' id='word_1_305' title='bbox 1538 1963 1585 2017; x_wconf 75' lang='grc' dir='ltr'>αἷς</span> <span class='ocrx_word' id='word_1_306' title='bbox 1607 1968 1672 2008; x_wconf 75' lang='grc' dir='ltr'>δεῖ</span> <span class='ocrx_word' id='word_1_307' title='bbox 1695 1966 1954 2022; x_wconf 80' lang='grc' dir='ltr'>μετατιθέντες</span> <span class='ocrx_word' id='word_1_308' title='bbox 1987 1962 2091 2007; x_wconf 75' lang='grc' dir='ltr'>αὐτοὶ</span> <span class='ocrx_word' id='word_1_309' title='bbox 2124 1962 2186 2006; x_wconf 78' lang='grc' dir='ltr'>καὶ</span> <span class='ocrx_word' id='word_1_310' title='bbox 2219 1962 2302 2015; x_wconf 72' lang='grc' dir='ltr'>τούς</span> <span class='ocrx_word' id='word_1_311' title='bbox 2333 1966 2456 2016; x_wconf 80' lang='grc' dir='ltr'>πόδας</span> 
     </span>
     <span class='ocr_line' id='line_1_25' title="bbox 350 2038 2456 2098; baseline -0 -15"><span class='ocrx_word' id='word_1_312' title='bbox 350 2038 458 2084; x_wconf 72' lang='grc' dir='ltr'>α’λλά</span> <span class='ocrx_word' id='word_1_313' title='bbox 495 2045 562 2098; x_wconf 79' lang='grc' dir='ltr'>τῆς</span> <span class='ocrx_word' id='word_1_314' title='bbox 600 2043 734 2098; x_wconf 80' lang='grc' dir='ltr'>ψυχῆς</span> <span class='ocrx_word' id='word_1_315' title='bbox 774 2038 818 2083; x_wconf 74' lang='grc' dir='ltr'>τὸ</span> <span class='ocrx_word' id='word_1_316' title='bbox 856 2038 1062 2097; x_wconf 77' lang='grc' dir='ltr'>πρακτικόν</span> <span class='ocrx_word' id='word_1_317' title='bbox 1103 2073 1140 2083; x_wconf 89' lang='grc'>..</span> <span class='ocrx_word' id='word_1_318' title='bbox 1182 2038 1389 2097; x_wconf 80' lang='grc' dir='ltr'>ἐγείροντες.</span> <span class='ocrx_word' id='word_1_319' title='bbox 1451 2043 1512 2084; x_wconf 87' lang='lat' dir='ltr'>At</span> <span class='ocrx_word' id='word_1_320' title='bbox 1551 2041 1613 2084; x_wconf 91' lang='lat' dir='ltr'>illi</span> <span class='ocrx_word' id='word_1_321' title='bbox 1655 2042 1735 2085; x_wconf 88' lang='lat' dir='ltr'>etsi</span> <span class='ocrx_word' id='word_1_322' title='bbox 1775 2041 1887 2084; x_wconf 89' lang='lat' dir='ltr'>hanc</span> <span class='ocrx_word' id='word_1_323' title='bbox 1928 2041 2138 2083; x_wconf 87' lang='lat' dir='ltr'>rationem</span> <span class='ocrx_word' id='word_1_324' title='bbox 2180 2046 2456 2097; x_wconf 77' lang='lat' dir='ltr'>praetexunt,</span> 
     </span>
     <span class='ocr_line' id='line_1_26' title="bbox 350 2116 2456 2174; baseline -0.001 -14"><span class='ocrx_word' id='word_1_325' title='bbox 350 2119 535 2161; x_wconf 80' lang='lat' dir='ltr'>maxime</span> <span class='ocrx_word' id='word_1_326' title='bbox 567 2118 806 2160; x_wconf 88' lang='lat' dir='ltr'>haeserunt</span> <span class='ocrx_word' id='word_1_327' title='bbox 844 2119 888 2159; x_wconf 87' lang='lat' dir='ltr'>in</span> <span class='ocrx_word' id='word_1_328' title='bbox 921 2118 1069 2160; x_wconf 85' lang='lat' dir='ltr'>dativo</span> <span class='ocrx_word' id='word_1_329' title='bbox 1102 2116 1254 2174; x_wconf 72' lang='grc' dir='ltr'>σώματι</span> <span class='ocrx_word' id='word_1_330' title='bbox 1286 2119 1360 2174; x_wconf 91' lang='lat' dir='ltr'>qui</span> <span class='ocrx_word' id='word_1_331' title='bbox 1393 2132 1492 2160; x_wconf 91' lang='lat' dir='ltr'>cum</span> <span class='ocrx_word' id='word_1_332' title='bbox 1524 2117 1755 2169; x_wconf 78' lang='grc' dir='ltr'>πλάττοντες</span> <span class='ocrx_word' id='word_1_333' title='bbox 1787 2119 1900 2160; x_wconf 88' lang='lat' dir='ltr'>coire</span> <span class='ocrx_word' id='word_1_334' title='bbox 1934 2118 2133 2159; x_wconf 87' lang='lat' dir='ltr'>nimirum</span> <span class='ocrx_word' id='word_1_335' title='bbox 2165 2132 2251 2158; x_wconf 91' lang='lat' dir='ltr'>non</span> <span class='ocrx_word' id='word_1_336' title='bbox 2285 2124 2456 2173; x_wconf 85' lang='lat' dir='ltr'>potest3</span> 
     </span>
     <span class='ocr_line' id='line_1_27' title="bbox 351 2194 2455 2252; baseline -0.001 -15"><span class='ocrx_word' id='word_1_337' title='bbox 351 2194 483 2251; x_wconf 91' lang='lat' dir='ltr'>idque</span> <span class='ocrx_word' id='word_1_338' title='bbox 516 2194 771 2252; x_wconf 84' lang='lat' dir='ltr'>Madvigius</span> <span class='ocrx_word' id='word_1_339' title='bbox 804 2194 981 2251; x_wconf 90' lang='lat' dir='ltr'>quidem</span> <span class='ocrx_word' id='word_1_340' title='bbox 1015 2202 1057 2238; x_wconf 84' lang='lat' dir='ltr'>et</span> <span class='ocrx_word' id='word_1_341' title='bbox 1086 2195 1401 2239; x_wconf 88' lang='lat' dir='ltr'>Stallbaumius</span> <span class='ocrx_word' id='word_1_342' title='bbox 1432 2196 1528 2252; x_wconf 91' lang='lat' dir='ltr'>ipso</span> <span class='ocrx_word' id='word_1_343' title='bbox 1562 2211 1649 2251; x_wconf 93' lang='lat' dir='ltr'>quo</span> <span class='ocrx_word' id='word_1_344' title='bbox 1681 2197 1748 2238; x_wconf 90' lang='lat' dir='ltr'>usi</span> <span class='ocrx_word' id='word_1_345' title='bbox 1781 2203 1881 2238; x_wconf 84' lang='lat' dir='ltr'>sunt</span> <span class='ocrx_word' id='word_1_346' title='bbox 1913 2196 2260 2236; x_wconf 89' lang='lat' dir='ltr'>coniecturarum</span> <span class='ocrx_word' id='word_1_347' title='bbox 2295 2209 2455 2251; x_wconf 82' lang='lat' dir='ltr'>genere</span> 
     </span>
     <span class='ocr_line' id='line_1_28' title="bbox 352 2270 2458 2328; baseline -0 -15"><span class='ocrx_word' id='word_1_348' title='bbox 352 2272 677 2327; x_wconf 86' lang='lat' dir='ltr'>patefecerunt,</span> <span class='ocrx_word' id='word_1_349' title='bbox 717 2271 1002 2315; x_wconf 89' lang='lat' dir='ltr'>Heindorfius</span> <span class='ocrx_word' id='word_1_350' title='bbox 1041 2279 1191 2328; x_wconf 88' lang='lat' dir='ltr'>aperte</span> <span class='ocrx_word' id='word_1_351' title='bbox 1230 2272 1455 2328; x_wconf 85' lang='lat' dir='ltr'>professus</span> <span class='ocrx_word' id='word_1_352' title='bbox 1498 2279 1564 2315; x_wconf 88' lang='lat' dir='ltr'>est</span> <span class='ocrx_word' id='word_1_353' title='bbox 1606 2287 1704 2315; x_wconf 89' lang='lat' dir='ltr'>cum</span> <span class='ocrx_word' id='word_1_354' title='bbox 1744 2271 1927 2323; x_wconf 77' lang='lat' dir='ltr'>diceret,</span> <span class='ocrx_word' id='word_1_355' title='bbox 1971 2270 2200 2321; x_wconf 76' lang='grc' dir='ltr'>πλάττοντες</span> <span class='ocrx_word' id='word_1_356' title='bbox 2241 2271 2276 2313; x_wconf 91' lang='lat' dir='ltr'>si</span> <span class='ocrx_word' id='word_1_357' title='bbox 2312 2277 2458 2313; x_wconf 88' lang='lat' dir='ltr'>tamen</span> 
     </span>
     <span class='ocr_line' id='line_1_29' title="bbox 351 2345 2456 2405; baseline 0 -16"><span class='ocrx_word' id='word_1_358' title='bbox 351 2363 500 2390; x_wconf 91' lang='lat' dir='ltr'>verum</span> <span class='ocrx_word' id='word_1_359' title='bbox 534 2357 651 2391; x_wconf 86' lang='lat' dir='ltr'>esset</span> <span class='ocrx_word' id='word_1_360' title='bbox 684 2355 727 2390; x_wconf 89' lang='lat' dir='ltr'>et</span> <span class='ocrx_word' id='word_1_361' title='bbox 759 2349 971 2405; x_wconf 88' lang='lat' dir='ltr'>singulari</span> <span class='ocrx_word' id='word_1_362' title='bbox 1003 2348 1193 2404; x_wconf 90' lang='lat' dir='ltr'>quodam</span> <span class='ocrx_word' id='word_1_363' title='bbox 1224 2349 1470 2405; x_wconf 85' lang='lat' dir='ltr'>significatu</span> <span class='ocrx_word' id='word_1_364' title='bbox 1503 2349 1709 2405; x_wconf 80' lang='lat' dir='ltr'>positum,</span> <span class='ocrx_word' id='word_1_365' title='bbox 1741 2348 1987 2391; x_wconf 87' lang='lat' dir='ltr'>necessario</span> <span class='ocrx_word' id='word_1_366' title='bbox 2010 2349 2122 2400; x_wconf 79' lang='grc' dir='ltr'>σῶμα</span> <span class='ocrx_word' id='word_1_367' title='bbox 2144 2362 2241 2390; x_wconf 90' lang='lat' dir='ltr'>esse</span> <span class='ocrx_word' id='word_1_368' title='bbox 2273 2362 2353 2402; x_wconf 93' lang='lat' dir='ltr'>pro</span> <span class='ocrx_word' id='word_1_369' title='bbox 2377 2345 2456 2389; x_wconf 72' lang='grc' dir='ltr'>σαί·</span> 
     </span>
     <span class='ocr_line' id='line_1_30' title="bbox 354 2421 2456 2480; baseline 0 -15"><span class='ocrx_word' id='word_1_370' title='bbox 354 2441 446 2478; x_wconf 85' lang='grc' dir='ltr'>ματι</span> <span class='ocrx_word' id='word_1_371' title='bbox 477 2424 816 2474; x_wconf 82' lang='lat' dir='ltr'>restituendum3</span> <span class='ocrx_word' id='word_1_372' title='bbox 848 2424 1049 2479; x_wconf 87' lang='lat' dir='ltr'>idemque</span> <span class='ocrx_word' id='word_1_373' title='bbox 1080 2432 1169 2467; x_wconf 85' lang='lat' dir='ltr'>tam</span> <span class='ocrx_word' id='word_1_374' title='bbox 1191 2424 1392 2468; x_wconf 91' lang='lat' dir='ltr'>codicum</span> <span class='ocrx_word' id='word_1_375' title='bbox 1424 2425 1504 2467; x_wconf 88' lang='lat' dir='ltr'>iste</span> <span class='ocrx_word' id='word_1_376' title='bbox 1537 2426 1738 2469; x_wconf 85' lang='lat' dir='ltr'>librarius</span> <span class='ocrx_word' id='word_1_377' title='bbox 1771 2440 1899 2479; x_wconf 90' lang='lat' dir='ltr'>quam</span> <span class='ocrx_word' id='word_1_378' title='bbox 1923 2422 2160 2466; x_wconf 85' lang='lat' dir='ltr'>Fischerus</span> <span class='ocrx_word' id='word_1_379' title='bbox 2194 2421 2456 2480; x_wconf 86' lang='lat' dir='ltr'>corrigendo</span> 
     </span>
     <span class='ocr_line' id='line_1_31' title="bbox 351 2496 2458 2557; baseline -0 -15"><span class='ocrx_word' id='word_1_380' title='bbox 351 2499 423 2542; x_wconf 90' lang='lat' dir='ltr'>ille</span> <span class='ocrx_word' id='word_1_381' title='bbox 463 2496 627 2556; x_wconf 70' lang='grc' dir='ltr'>σώματα</span> <span class='ocrx_word' id='word_1_382' title='bbox 665 2500 737 2543; x_wconf 91' lang='lat' dir='ltr'>hic</span> <span class='ocrx_word' id='word_1_383' title='bbox 775 2499 887 2557; x_wconf 78' lang='grc' dir='ltr'>σῶμά</span> <span class='ocrx_word' id='word_1_384' title='bbox 925 2517 960 2543; x_wconf 85' lang='grc' dir='ltr'>τι</span> <span class='ocrx_word' id='word_1_385' title='bbox 999 2498 1228 2552; x_wconf 79' lang='grc' dir='ltr'>πλάττοντες</span> <span class='ocrx_word' id='word_1_386' title='bbox 1269 2502 1446 2557; x_wconf 84' lang='lat' dir='ltr'>assequi</span> <span class='ocrx_word' id='word_1_387' title='bbox 1496 2500 1768 2545; x_wconf 85' lang='lat' dir='ltr'>studuerunt.</span> <span class='ocrx_word' id='word_1_388' title='bbox 1839 2499 1927 2542; x_wconf 88' lang='lat' dir='ltr'>Sed</span> <span class='ocrx_word' id='word_1_389' title='bbox 1971 2499 2055 2541; x_wconf 89' lang='lat' dir='ltr'>hoc</span> <span class='ocrx_word' id='word_1_390' title='bbox 2096 2513 2223 2541; x_wconf 91' lang='lat' dir='ltr'>omne</span> <span class='ocrx_word' id='word_1_391' title='bbox 2263 2498 2458 2541; x_wconf 85' lang='lat' dir='ltr'>studium</span> 
     </span>
     <span class='ocr_line' id='line_1_32' title="bbox 351 2573 2458 2635; baseline -0 -17"><span class='ocrx_word' id='word_1_392' title='bbox 351 2576 602 2635; x_wconf 88' lang='lat' dir='ltr'>corrigendi</span> <span class='ocrx_word' id='word_1_393' title='bbox 639 2577 809 2619; x_wconf 89' lang='lat' dir='ltr'>irritum</span> <span class='ocrx_word' id='word_1_394' title='bbox 848 2592 944 2620; x_wconf 88' lang='lat' dir='ltr'>esse</span> <span class='ocrx_word' id='word_1_395' title='bbox 984 2582 1028 2619; x_wconf 80' lang='lat' dir='ltr'>et</span> <span class='ocrx_word' id='word_1_396' title='bbox 1059 2592 1217 2620; x_wconf 90' lang='lat' dir='ltr'>vanum</span> <span class='ocrx_word' id='word_1_397' title='bbox 1255 2579 1464 2620; x_wconf 90' lang='lat' dir='ltr'>continuo</span> <span class='ocrx_word' id='word_1_398' title='bbox 1505 2584 1709 2635; x_wconf 80' lang='lat' dir='ltr'>apparet,</span> <span class='ocrx_word' id='word_1_399' title='bbox 1751 2577 1824 2620; x_wconf 84' lang='lat' dir='ltr'>ubi</span> <span class='ocrx_word' id='word_1_400' title='bbox 1863 2591 1950 2618; x_wconf 91' lang='lat' dir='ltr'>non</span> <span class='ocrx_word' id='word_1_401' title='bbox 1992 2576 2100 2617; x_wconf 90' lang='lat' dir='ltr'>haec</span> <span class='ocrx_word' id='word_1_402' title='bbox 2132 2576 2267 2618; x_wconf 87' lang='lat' dir='ltr'>verba</span> <span class='ocrx_word' id='word_1_403' title='bbox 2304 2573 2458 2631; x_wconf 70' lang='grc' dir='ltr'>σώματι</span> 
     </span>
     <span class='ocr_line' id='line_1_33' title="bbox 352 2648 2459 2711; baseline 0 -18"><span class='ocrx_word' id='word_1_404' title='bbox 352 2652 584 2705; x_wconf 69' lang='grc' dir='ltr'>πλάττοντες</span> <span class='ocrx_word' id='word_1_405' title='bbox 626 2652 704 2696; x_wconf 88' lang='lat' dir='ltr'>sed</span> <span class='ocrx_word' id='word_1_406' title='bbox 745 2651 894 2709; x_wconf 78' lang='grc' dir='ltr'>σώματι</span> <span class='ocrx_word' id='word_1_407' title='bbox 933 2656 1026 2705; x_wconf 79' lang='grc' dir='ltr'>ζῶσι</span> <span class='ocrx_word' id='word_1_408' title='bbox 1065 2654 1261 2711; x_wconf 88' lang='lat' dir='ltr'>copulari</span> <span class='ocrx_word' id='word_1_409' title='bbox 1292 2654 1484 2697; x_wconf 88' lang='lat' dir='ltr'>voluisse</span> <span class='ocrx_word' id='word_1_410' title='bbox 1517 2654 1745 2697; x_wconf 85' lang='lat' dir='ltr'>Platonem</span> <span class='ocrx_word' id='word_1_411' title='bbox 1784 2652 1863 2694; x_wconf 87' lang='lat' dir='ltr'>tibi</span> <span class='ocrx_word' id='word_1_412' title='bbox 1905 2652 2198 2709; x_wconf 82' lang='lat' dir='ltr'>persuaseris,</span> <span class='ocrx_word' id='word_1_413' title='bbox 2240 2659 2288 2694; x_wconf 87' lang='lat' dir='ltr'>ut</span> <span class='ocrx_word' id='word_1_414' title='bbox 2327 2648 2459 2695; x_wconf 81' lang='grc' dir='ltr'>πλάτ-</span> 
     </span>
     <span class='ocr_line' id='line_1_34' title="bbox 353 2727 2458 2787; baseline 0.001 -19"><span class='ocrx_word' id='word_1_415' title='bbox 353 2742 472 2780; x_wconf 74' lang='grc' dir='ltr'>τοντες</span> <span class='ocrx_word' id='word_1_416' title='bbox 510 2743 587 2786; x_wconf 90' lang='lat' dir='ltr'>per</span> <span class='ocrx_word' id='word_1_417' title='bbox 627 2743 672 2772; x_wconf 90' lang='lat' dir='ltr'>se</span> <span class='ocrx_word' id='word_1_418' title='bbox 713 2730 902 2787; x_wconf 90' lang='lat' dir='ltr'>positum</span> <span class='ocrx_word' id='word_1_419' title='bbox 945 2743 998 2771; x_wconf 81' lang='lat' dir='ltr'>ex</span> <span class='ocrx_word' id='word_1_420' title='bbox 1037 2731 1253 2773; x_wconf 87' lang='lat' dir='ltr'>sententia</span> <span class='ocrx_word' id='word_1_421' title='bbox 1291 2744 1418 2772; x_wconf 91' lang='lat' dir='ltr'>suum</span> <span class='ocrx_word' id='word_1_422' title='bbox 1450 2731 1776 2772; x_wconf 86' lang='lat' dir='ltr'>nancisceretur</span> <span class='ocrx_word' id='word_1_423' title='bbox 1807 2729 2116 2770; x_wconf 80' lang='lat' dir='ltr'>accusativum.</span> <span class='ocrx_word' id='word_1_424' title='bbox 2182 2727 2304 2782; x_wconf 81' lang='lat' dir='ltr'>Quid</span> <span class='ocrx_word' id='word_1_425' title='bbox 2343 2729 2458 2770; x_wconf 91' lang='lat' dir='ltr'>enim</span> 
     </span>
     <span class='ocr_line' id='line_1_35' title="bbox 352 2802 2459 2862; baseline 0 -17"><span class='ocrx_word' id='word_1_426' title='bbox 352 2802 461 2846; x_wconf 85' lang='lat' dir='ltr'>haec</span> <span class='ocrx_word' id='word_1_427' title='bbox 502 2806 642 2848; x_wconf 88' lang='lat' dir='ltr'>oratio</span> <span class='ocrx_word' id='word_1_428' title='bbox 682 2805 817 2848; x_wconf 87' lang='lat' dir='ltr'>distat</span> <span class='ocrx_word' id='word_1_429' title='bbox 859 2811 935 2847; x_wconf 82' lang='lat' dir='ltr'>aut</span> <span class='ocrx_word' id='word_1_430' title='bbox 973 2806 1027 2848; x_wconf 88' lang='lat' dir='ltr'>ab</span> <span class='ocrx_word' id='word_1_431' title='bbox 1067 2820 1119 2848; x_wconf 92' lang='lat' dir='ltr'>eo</span> <span class='ocrx_word' id='word_1_432' title='bbox 1159 2806 1274 2849; x_wconf 91' lang='lat' dir='ltr'>unde</span> <span class='ocrx_word' id='word_1_433' title='bbox 1314 2807 1501 2862; x_wconf 87' lang='lat' dir='ltr'>profecti</span> <span class='ocrx_word' id='word_1_434' title='bbox 1540 2820 1689 2849; x_wconf 88' lang='lat' dir='ltr'>sumus</span> <span class='ocrx_word' id='word_1_435' title='bbox 1728 2805 1899 2847; x_wconf 89' lang='lat' dir='ltr'>Philebi</span> <span class='ocrx_word' id='word_1_436' title='bbox 1940 2805 2038 2846; x_wconf 94' lang='lat' dir='ltr'>loco</span> <span class='ocrx_word' id='word_1_437' title='bbox 2079 2811 2154 2845; x_wconf 87' lang='lat' dir='ltr'>aut</span> <span class='ocrx_word' id='word_1_438' title='bbox 2194 2819 2220 2845; x_wconf 89' lang='lat' dir='ltr'>a</span> <span class='ocrx_word' id='word_1_439' title='bbox 2252 2805 2459 2853; x_wconf 81' lang='grc' dir='ltr'>Πολιτείας</span> 
     </span>
     <span class='ocr_line' id='line_1_36' title="bbox 353 2879 2458 2939; baseline 0.001 -18"><span class='ocrx_word' id='word_1_440' title='bbox 353 2879 497 2923; x_wconf 89' lang='lat' dir='ltr'>verbis</span> <span class='ocrx_word' id='word_1_441' title='bbox 538 2896 650 2938; x_wconf 89' lang='lat' dir='ltr'>quae</span> <span class='ocrx_word' id='word_1_442' title='bbox 690 2882 886 2939; x_wconf 83' lang='lat' dir='ltr'>proxime</span> <span class='ocrx_word' id='word_1_443' title='bbox 919 2880 1288 2939; x_wconf 80' lang='lat' dir='ltr'>disceptavimus?</span> <span class='ocrx_word' id='word_1_444' title='bbox 1349 2882 1412 2925; x_wconf 85' lang='lat' dir='ltr'>At</span> <span class='ocrx_word' id='word_1_445' title='bbox 1442 2898 1545 2925; x_wconf 90' lang='lat' dir='ltr'>vero</span> <span class='ocrx_word' id='word_1_446' title='bbox 1579 2881 1726 2939; x_wconf 75' lang='grc' dir='ltr'>σώματι</span> <span class='ocrx_word' id='word_1_447' title='bbox 1758 2883 1823 2939; x_wconf 84' lang='grc' dir='ltr'>ζῇν</span> <span class='ocrx_word' id='word_1_448' title='bbox 1855 2881 1949 2923; x_wconf 88' lang='lat' dir='ltr'>sine</span> <span class='ocrx_word' id='word_1_449' title='bbox 1983 2881 2184 2937; x_wconf 87' lang='lat' dir='ltr'>exemplo</span> <span class='ocrx_word' id='word_1_450' title='bbox 2217 2881 2305 2923; x_wconf 91' lang='lat' dir='ltr'>dici</span> <span class='ocrx_word' id='word_1_451' title='bbox 2336 2881 2458 2923; x_wconf 85' lang='lat' dir='ltr'>vide-</span> 
     </span>
     <span class='ocr_line' id='line_1_37' title="bbox 352 2956 2458 3014; baseline 0.001 -18"><span class='ocrx_word' id='word_1_452' title='bbox 352 2962 440 2997; x_wconf 89' lang='lat' dir='ltr'>tur:</span> <span class='ocrx_word' id='word_1_453' title='bbox 483 2971 584 2999; x_wconf 88' lang='lat' dir='ltr'>nam</span> <span class='ocrx_word' id='word_1_454' title='bbox 625 2958 743 3014; x_wconf 93' lang='lat' dir='ltr'>quod</span> <span class='ocrx_word' id='word_1_455' title='bbox 781 2959 957 3000; x_wconf 93' lang='lat' dir='ltr'>unicum</span> <span class='ocrx_word' id='word_1_456' title='bbox 1003 2973 1057 3000; x_wconf 85' lang='lat' dir='ltr'>ex</span> <span class='ocrx_word' id='word_1_457' title='bbox 1095 2960 1290 3000; x_wconf 89' lang='lat' dir='ltr'>oratione</span> <span class='ocrx_word' id='word_1_458' title='bbox 1329 2959 1619 3001; x_wconf 87' lang='lat' dir='ltr'>Demostheni</span> <span class='ocrx_word' id='word_1_459' title='bbox 1659 2957 1768 2999; x_wconf 89' lang='lat' dir='ltr'>falso</span> <span class='ocrx_word' id='word_1_460' title='bbox 1812 2956 2036 3012; x_wconf 87' lang='lat' dir='ltr'>adscripta</span> <span class='ocrx_word' id='word_1_461' title='bbox 2079 2956 2221 2999; x_wconf 84' lang='lat' dir='ltr'>afferri</span> <span class='ocrx_word' id='word_1_462' title='bbox 2259 2957 2458 2999; x_wconf 90' lang='lat' dir='ltr'>videmus</span> 
     </span>
     <span class='ocr_line' id='line_1_38' title="bbox 353 3032 2460 3093; baseline 0.001 -20"><span class='ocrx_word' id='word_1_463' title='bbox 353 3032 544 3090; x_wconf 79' lang='grc' dir='ltr'>Φιλίππῳ</span> <span class='ocrx_word' id='word_1_464' title='bbox 577 3038 705 3086; x_wconf 76' lang='grc' dir='ltr'>ζῶντες</span> <span class='ocrx_word' id='word_1_465' title='bbox 737 3032 800 3077; x_wconf 85' lang='grc' dir='ltr'>καὶ</span> <span class='ocrx_word' id='word_1_466' title='bbox 833 3033 876 3077; x_wconf 82' lang='grc' dir='ltr'>ου’</span> <span class='ocrx_word' id='word_1_467' title='bbox 906 3038 956 3093; x_wconf 83' lang='grc' dir='ltr'>τῇ</span> <span class='ocrx_word' id='word_1_468' title='bbox 987 3037 1126 3078; x_wconf 79' lang='grc' dir='ltr'>ἑαυτῶν</span> <span class='ocrx_word' id='word_1_469' title='bbox 1158 3036 1329 3091; x_wconf 75' lang='grc' dir='ltr'>πατρίδι,</span> <span class='ocrx_word' id='word_1_470' title='bbox 1363 3038 1400 3078; x_wconf 91' lang='lat' dir='ltr'>ei</span> <span class='ocrx_word' id='word_1_471' title='bbox 1424 3036 1627 3078; x_wconf 86' lang='lat' dir='ltr'>videlicet</span> <span class='ocrx_word' id='word_1_472' title='bbox 1657 3035 1745 3076; x_wconf 76' lang='lat' dir='ltr'>non</span> <span class='ocrx_word' id='word_1_473' title='bbox 1777 3035 1959 3076; x_wconf 89' lang='lat' dir='ltr'>multum</span> <span class='ocrx_word' id='word_1_474' title='bbox 1991 3034 2237 3076; x_wconf 85' lang='lat' dir='ltr'>tribuimus.</span> <span class='ocrx_word' id='word_1_475' title='bbox 2292 3034 2460 3076; x_wconf 88' lang='lat' dir='ltr'>Eamne</span> 
     </span>
     <span class='ocr_line' id='line_1_39' title="bbox 353 3107 2464 3168; baseline 0.003 -20"><span class='ocrx_word' id='word_1_476' title='bbox 353 3107 488 3164; x_wconf 89' lang='lat' dir='ltr'>igitur</span> <span class='ocrx_word' id='word_1_477' title='bbox 526 3111 582 3154; x_wconf 92' lang='lat' dir='ltr'>ob</span> <span class='ocrx_word' id='word_1_478' title='bbox 624 3126 800 3156; x_wconf 86' lang='lat' dir='ltr'>causam</span> <span class='ocrx_word' id='word_1_479' title='bbox 843 3112 952 3155; x_wconf 87' lang='lat' dir='ltr'>haec</span> <span class='ocrx_word' id='word_1_480' title='bbox 993 3112 1244 3156; x_wconf 88' lang='lat' dir='ltr'>abiudicare</span> <span class='ocrx_word' id='word_1_481' title='bbox 1283 3113 1458 3156; x_wconf 87' lang='lat' dir='ltr'>Platoni</span> <span class='ocrx_word' id='word_1_482' title='bbox 1498 3113 1541 3154; x_wconf 91' lang='lat' dir='ltr'>in</span> <span class='ocrx_word' id='word_1_483' title='bbox 1582 3111 1798 3154; x_wconf 88' lang='lat' dir='ltr'>sententia</span> <span class='ocrx_word' id='word_1_484' title='bbox 1842 3111 1974 3168; x_wconf 90' lang='lat' dir='ltr'>plana</span> <span class='ocrx_word' id='word_1_485' title='bbox 2018 3116 2061 3153; x_wconf 88' lang='lat' dir='ltr'>et</span> <span class='ocrx_word' id='word_1_486' title='bbox 2103 3118 2207 3168; x_wconf 87' lang='lat' dir='ltr'>apta</span> <span class='ocrx_word' id='word_1_487' title='bbox 2247 3118 2291 3154; x_wconf 90' lang='lat' dir='ltr'>et</span> <span class='ocrx_word' id='word_1_488' title='bbox 2328 3111 2464 3154; x_wconf 88' lang='lat' dir='ltr'>dativi</span> 
     </span>
     <span class='ocr_line' id='line_1_40' title="bbox 355 3181 2464 3245; baseline 0.002 -21"><span class='ocrx_word' id='word_1_489' title='bbox 355 3181 516 3226; x_wconf 79' lang='lat' dir='ltr'>Graeci</span> <span class='ocrx_word' id='word_1_490' title='bbox 566 3195 723 3230; x_wconf 86' lang='lat' dir='ltr'>natura</span> <span class='ocrx_word' id='word_1_491' title='bbox 766 3189 940 3230; x_wconf 88' lang='lat' dir='ltr'>minime</span> <span class='ocrx_word' id='word_1_492' title='bbox 989 3189 1302 3245; x_wconf 83' lang='lat' dir='ltr'>obstrepente?</span> <span class='ocrx_word' id='word_1_493' title='bbox 1375 3189 1436 3230; x_wconf 83' lang='lat' dir='ltr'>Et</span> <span class='ocrx_word' id='word_1_494' title='bbox 1482 3204 1537 3229; x_wconf 90' lang='lat' dir='ltr'>ne</span> <span class='ocrx_word' id='word_1_495' title='bbox 1585 3203 1635 3229; x_wconf 86' lang='lat' dir='ltr'>eo</span> <span class='ocrx_word' id='word_1_496' title='bbox 1674 3187 1849 3243; x_wconf 86' lang='lat' dir='ltr'>quidem</span> <span class='ocrx_word' id='word_1_497' title='bbox 1896 3188 2061 3229; x_wconf 89' lang='lat' dir='ltr'>moveri</span> <span class='ocrx_word' id='word_1_498' title='bbox 2107 3187 2227 3242; x_wconf 91' lang='lat' dir='ltr'>quod</span> <span class='ocrx_word' id='word_1_499' title='bbox 2268 3203 2356 3230; x_wconf 91' lang='lat' dir='ltr'>non</span> <span class='ocrx_word' id='word_1_500' title='bbox 2398 3189 2464 3230; x_wconf 88' lang='lat' dir='ltr'>sic</span> 
     </span>
    </p>
   </div>
   <div class='ocr_carea' id='block_1_4' title="bbox 2125 3266 2152 3312">
    <p class='ocr_par' dir='ltr' id='par_1_4' title="bbox 2125 3266 2152 3312">
     <span class='ocr_line' id='line_1_41' title="bbox 2125 3266 2152 3312; baseline 0 0"><span class='ocrx_word' id='word_1_501' title='bbox 2125 3266 2152 3312; x_wconf 82' lang='lat'><strong>2</strong></span> 
     </span>
    </p>
   </div>
  </div>
 </body>
</html>
